

<record>
  <leader>     nz  a22     n  4500</leader>
  <datafield tag="900" ind1=" " ind2=" ">
    <subfield code="a">K-NÁVRH</subfield>
  </datafield>
  <controlfield tag="001">ko20201095584</controlfield>
  <controlfield tag="003">CZ PrNK</controlfield>
  <controlfield tag="005">20201206060209.0</controlfield>
  <controlfield tag="008">201206|n|aznnnaabn           n a|a      </controlfield>
  <datafield tag="040" ind1=" " ind2=" ">
    <subfield code="a">ABA001</subfield>
    <subfield code="b">cze</subfield>
    <subfield code="e">rda</subfield>
  </datafield>
  <datafield tag="110" ind1="2" ind2=" ">
    <subfield code="a">Československá vědeckotechnická společnost.</subfield>
    <subfield code="b">Komitét pro komplexní automatizaci ČSVTS.</subfield>
    <subfield code="b">Krajský výbor Východočeského kraje</subfield>
    <subfield code="7">ko20201095584</subfield>
  </datafield>
  <datafield tag="370" ind1=" " ind2=" ">
    <subfield code="c">Česko</subfield>
  </datafield>
  <datafield tag="670" ind1=" " ind2=" ">
    <subfield code="a">autor: kolektiv autorů: Automatizace procesu technologie svařování : sborník přednášek z krajského semináře, 11. dubna 1989, Pardubice</subfield>
  </datafield>
  <datafield tag="906" ind1=" " ind2=" ">
    <subfield code="a">za20201206</subfield>
    <subfield code="b">blau</subfield>
  </datafield>
</record>