

<record>
  <leader>     cz  a22     n  4500</leader>
  <controlfield tag="001">mub20201095590</controlfield>
  <controlfield tag="003">CZ PrNK</controlfield>
  <controlfield tag="005">20201208094755.0</controlfield>
  <controlfield tag="008">201206|n|aznnnaabn           n a|a      </controlfield>
  <datafield tag="040" ind1=" " ind2=" ">
    <subfield code="a">BOD003</subfield>
    <subfield code="b">cze</subfield>
    <subfield code="d">ABA001</subfield>
    <subfield code="e">rda</subfield>
  </datafield>
  <datafield tag="046" ind1=" " ind2=" ">
    <subfield code="f">1975</subfield>
  </datafield>
  <datafield tag="100" ind1="1" ind2=" ">
    <subfield code="a">Procenko, Oleh,</subfield>
    <subfield code="d">1975-</subfield>
    <subfield code="7">mub20201095590</subfield>
  </datafield>
  <datafield tag="MOR" ind1="0" ind2=" ">
    <subfield code="a">Procenko, Oleh</subfield>
    <subfield code="7">mub20201095590</subfield>
  </datafield>
  <datafield tag="370" ind1=" " ind2=" ">
    <subfield code="c">Ukrajina</subfield>
    <subfield code="f">Sovětský svaz</subfield>
  </datafield>
  <datafield tag="372" ind1=" " ind2=" ">
    <subfield code="a">politologie</subfield>
    <subfield code="a">volební programy</subfield>
  </datafield>
  <datafield tag="374" ind1=" " ind2=" ">
    <subfield code="a">politologové</subfield>
    <subfield code="a">historici</subfield>
    <subfield code="a">publicisté</subfield>
    <subfield code="a">redaktoři</subfield>
  </datafield>
  <datafield tag="375" ind1=" " ind2=" ">
    <subfield code="a">muž</subfield>
  </datafield>
  <datafield tag="377" ind1=" " ind2=" ">
    <subfield code="a">ukr</subfield>
  </datafield>
  <datafield tag="400" ind1="1" ind2=" ">
    <subfield code="a">Procenko, Oleh Borysovyč,</subfield>
    <subfield code="d">1975-</subfield>
    <subfield code="0">o</subfield>
  </datafield>
  <datafield tag="667" ind1=" " ind2=" ">
    <subfield code="a">Moloda nacìja. 10 (holovnyj redaktor Oleh Procenko), 1999.</subfield>
  </datafield>
  <datafield tag="670" ind1=" " ind2=" ">
    <subfield code="a">NBU, cit. 6. 12. 2020</subfield>
    <subfield code="b">autoritní forma, profesní údaje</subfield>
  </datafield>
  <datafield tag="670" ind1=" " ind2=" ">
    <subfield code="a">www(Centr polìtyčnoho konsaltynhu), cit. 6. 12. 2020</subfield>
    <subfield code="b">profesní údaje</subfield>
  </datafield>
  <datafield tag="670" ind1=" " ind2=" ">
    <subfield code="a">www(Verchovna rada Ukrajiny), cit. 6. 12. 2020</subfield>
    <subfield code="b">datum narození, odkaz viz</subfield>
    <subfield code="u">http://static.rada.gov.ua/intranet/ukrzmi/human/0070742.htm</subfield>
  </datafield>
  <datafield tag="678" ind1="0" ind2=" ">
    <subfield code="a">Ukrajinský a sovětský politolog a historik, autor prací o prezidentských volbách na Ukrajině.</subfield>
  </datafield>
  <datafield tag="906" ind1=" " ind2=" ">
    <subfield code="a">za20201206</subfield>
    <subfield code="b">krekovax</subfield>
  </datafield>
  <datafield tag="906" ind1=" " ind2=" ">
    <subfield code="a">oz20201207</subfield>
    <subfield code="b">pospel</subfield>
    <subfield code="c">Záhlaví - datum narození, zdroj - další výskyt, viz - nově</subfield>
  </datafield>
  <datafield tag="906" ind1=" " ind2=" ">
    <subfield code="a">op20201208</subfield>
    <subfield code="b">tone</subfield>
    <subfield code="c">Viz - oprava jména (transliterace), zdroj - oprava, formální oprava (pole 906)</subfield>
  </datafield>
</record>