

<record>
  <leader>     nz  a22     n  4500</leader>
  <datafield tag="900" ind1=" " ind2=" ">
    <subfield code="a">J-NÁVRH-STT</subfield>
  </datafield>
  <controlfield tag="001">ntk20201095605</controlfield>
  <controlfield tag="003">CZ PrNK</controlfield>
  <controlfield tag="005">20201207091629.0</controlfield>
  <controlfield tag="008">201207|n|aznnnaabn           n a|a      </controlfield>
  <datafield tag="024" ind1="7" ind2=" ">
    <subfield code="a">0000000109088641</subfield>
    <subfield code="2">isni</subfield>
  </datafield>
  <datafield tag="024" ind1="7" ind2=" ">
    <subfield code="a">Q52149206</subfield>
    <subfield code="2">wikidata</subfield>
  </datafield>
  <datafield tag="040" ind1=" " ind2=" ">
    <subfield code="a">ABA013</subfield>
    <subfield code="b">cze</subfield>
    <subfield code="e">rda</subfield>
  </datafield>
  <datafield tag="046" ind1=" " ind2=" ">
    <subfield code="f">1643</subfield>
    <subfield code="g">1701</subfield>
  </datafield>
  <datafield tag="100" ind1="1" ind2=" ">
    <subfield code="a">Leers, Arnout,</subfield>
    <subfield code="d">1643-1701</subfield>
    <subfield code="7">ntk20201095605</subfield>
  </datafield>
  <datafield tag="370" ind1=" " ind2=" ">
    <subfield code="c">Nizozemsko</subfield>
  </datafield>
  <datafield tag="370" ind1=" " ind2=" ">
    <subfield code="f">Haag, Nizozemsko</subfield>
    <subfield code="s">1669</subfield>
    <subfield code="t">1701</subfield>
  </datafield>
  <datafield tag="370" ind1=" " ind2=" ">
    <subfield code="f">Rotterdam, Nizozemsko</subfield>
    <subfield code="s">1668</subfield>
    <subfield code="t">1669</subfield>
  </datafield>
  <datafield tag="372" ind1=" " ind2=" ">
    <subfield code="a">knihtisk</subfield>
    <subfield code="a">knižní produkce</subfield>
    <subfield code="a">nakladatelství a vydavatelství</subfield>
    <subfield code="a">knižní kultura</subfield>
    <subfield code="a">knižní obchod</subfield>
  </datafield>
  <datafield tag="374" ind1=" " ind2=" ">
    <subfield code="a">tiskaři</subfield>
    <subfield code="a">nakladatelé a vydavatelé</subfield>
    <subfield code="a">knihkupci</subfield>
  </datafield>
  <datafield tag="375" ind1=" " ind2=" ">
    <subfield code="a">muž</subfield>
  </datafield>
  <datafield tag="377" ind1=" " ind2=" ">
    <subfield code="a">fre</subfield>
    <subfield code="a">lat</subfield>
    <subfield code="a">dut</subfield>
  </datafield>
  <datafield tag="400" ind1="1" ind2=" ">
    <subfield code="a">Leers, Arnout,</subfield>
    <subfield code="c">de jonge,</subfield>
    <subfield code="d">1643-1701</subfield>
    <subfield code="0">o</subfield>
  </datafield>
  <datafield tag="400" ind1="1" ind2=" ">
    <subfield code="a">Leers, Arnout,</subfield>
    <subfield code="c">junior,</subfield>
    <subfield code="d">1643-1701</subfield>
    <subfield code="0">o</subfield>
  </datafield>
  <datafield tag="400" ind1="1" ind2=" ">
    <subfield code="a">Leers, Arnout,</subfield>
    <subfield code="c">Fils</subfield>
    <subfield code="0">o</subfield>
  </datafield>
  <datafield tag="400" ind1="1" ind2=" ">
    <subfield code="a">Leers, Arnout,</subfield>
    <subfield code="c">II,</subfield>
    <subfield code="d">1643-1701</subfield>
    <subfield code="0">o</subfield>
  </datafield>
  <datafield tag="400" ind1="1" ind2=" ">
    <subfield code="a">Leers, Arnoud,</subfield>
    <subfield code="d">1643-1701</subfield>
    <subfield code="0">o</subfield>
  </datafield>
  <datafield tag="400" ind1="1" ind2=" ">
    <subfield code="a">Leers, Arnold,</subfield>
    <subfield code="d">1643-1701</subfield>
    <subfield code="0">o</subfield>
  </datafield>
  <datafield tag="400" ind1="1" ind2=" ">
    <subfield code="a">Leers, Arnold,</subfield>
    <subfield code="c">junior,</subfield>
    <subfield code="d">1643-1701</subfield>
    <subfield code="0">o</subfield>
  </datafield>
  <datafield tag="400" ind1="1" ind2=" ">
    <subfield code="a">Leers, Arnoldus,</subfield>
    <subfield code="d">1643-1701</subfield>
    <subfield code="0">o</subfield>
  </datafield>
  <datafield tag="400" ind1="1" ind2=" ">
    <subfield code="a">Leers, Aernout,</subfield>
    <subfield code="d">1643-1701</subfield>
    <subfield code="0">o</subfield>
  </datafield>
  <datafield tag="400" ind1="1" ind2=" ">
    <subfield code="w">r</subfield>
    <subfield code="i">Pseudonym:</subfield>
    <subfield code="a">Du Marteau, Pierre,</subfield>
    <subfield code="d">1643-1701</subfield>
    <subfield code="0">o</subfield>
  </datafield>
  <datafield tag="400" ind1="1" ind2=" ">
    <subfield code="w">r</subfield>
    <subfield code="i">Pseudonym:</subfield>
    <subfield code="a">Egmont, Pierre ab,</subfield>
    <subfield code="d">1643-1701</subfield>
    <subfield code="0">o</subfield>
  </datafield>
  <datafield tag="400" ind1="1" ind2=" ">
    <subfield code="w">r</subfield>
    <subfield code="i">Pseudonym:</subfield>
    <subfield code="a">Janssonius, Joannes a Waesberge,</subfield>
    <subfield code="d">1643-1701</subfield>
    <subfield code="0">o</subfield>
  </datafield>
  <datafield tag="400" ind1="1" ind2=" ">
    <subfield code="w">r</subfield>
    <subfield code="i">Pseudonym:</subfield>
    <subfield code="a">Le Petit, Jean,</subfield>
    <subfield code="d">1643-1701</subfield>
    <subfield code="0">o</subfield>
  </datafield>
  <datafield tag="400" ind1="1" ind2=" ">
    <subfield code="w">r</subfield>
    <subfield code="i">Pseudonym:</subfield>
    <subfield code="a">Petit, Jean le,</subfield>
    <subfield code="d">1643-1701</subfield>
    <subfield code="0">o</subfield>
  </datafield>
  <datafield tag="400" ind1="0" ind2=" ">
    <subfield code="w">r</subfield>
    <subfield code="i">Pseudonym:</subfield>
    <subfield code="a">Le Petit,</subfield>
    <subfield code="d">1643-1701</subfield>
    <subfield code="0">o</subfield>
  </datafield>
  <datafield tag="400" ind1="0" ind2=" ">
    <subfield code="w">r</subfield>
    <subfield code="i">Pseudonym:</subfield>
    <subfield code="a">P. de La Place,</subfield>
    <subfield code="d">1643-1701</subfield>
    <subfield code="0">o</subfield>
  </datafield>
  <datafield tag="667" ind1=" " ind2=" ">
    <subfield code="a">KB - NBN (hlavní katalog) nemá kupodivu žádný autoritní záznam popisované osoby. Dva různé autoritní záznamy jsou ale uvedeny v připojené databázi nizozemské národní bibliografie (http://www.kb.nl/nederlandsebibliografie), z nichž jeden s životními daty byl vysazen do VIAF (jeho záhlaví uplatňuje dnes většina bibliografických agentur). Dva autoritní záznamy (bez životních dat) jsou součástí databáze retrospektivy STCN.</subfield>
  </datafield>
  <datafield tag="670" ind1=" " ind2=" ">
    <subfield code="a">Nova Experimenta PHYSICO-MECHANICA DE VI AËRIS ELASTICA &amp; ejusdem EFFECTIBUS, ... Ab ... ROBERTO BOYLE ... ROTERODAMI: Ex Officinâ ARNOLDI LEERS Junioris, 1669</subfield>
    <subfield code="b">odkaz viz</subfield>
    <subfield code="u">https://doi.org/10.3931/e-rara-4838</subfield>
  </datafield>
  <datafield tag="670" ind1=" " ind2=" ">
    <subfield code="a">www(KB, Nederlandse Bibliografie / Brinkman), cit. 7. 12. 2020</subfield>
    <subfield code="b">autoritní forma, odkazy viz, datum narození a úmrtí</subfield>
    <subfield code="u">https://picarta.oclc.org/psi/DB=3.9/XMLPRS=Y/PPN?PPN=070200149</subfield>
  </datafield>
  <datafield tag="670" ind1=" " ind2=" ">
    <subfield code="a">www(STCN), cit. 7. 12. 2020</subfield>
    <subfield code="b">odkaz viz, místa a data činnosti</subfield>
    <subfield code="u">https://picarta.oclc.org/psi/DB=3.11/XMLPRS=Y/PPN?PPN=075551985</subfield>
    <subfield code="u">https://picarta.oclc.org/psi/DB=3.11/XMLPRS=Y/PPN?PPN=075578328</subfield>
  </datafield>
  <datafield tag="670" ind1=" " ind2=" ">
    <subfield code="a">BNF, cit. 7. 11. 2020</subfield>
    <subfield code="b">odkazy viz, údaje o pseudonymech a falešných místech vydání tisků</subfield>
    <subfield code="u">https://catalogue.bnf.fr/ark:/12148/cb12255993b</subfield>
  </datafield>
  <datafield tag="675" ind1=" " ind2=" ">
    <subfield code="a">KB - NBN, cit. 7. 12. 2020</subfield>
  </datafield>
  <datafield tag="678" ind1="0" ind2=" ">
    <subfield code="a">Nizozemský tiskař, činný nejdříve krátce v Rotterdamu (1668-1669), v letech 1669-1701 pak v Haagu. Jeho otcem byl knihtiskař Arnout Leers [I] (1616-1673) a jeho mladším bratrem nakladatel Reinier Leers (1654-1714), s nímž mezi lety 1683-1701 spolupracoval (tisky nesou jména obou bratrů). Některé tisky vyšly pod falešnými místy vydání a pod různými pseudonymy: „Cologne: chez Pierre Du Marteau“, „Pierre ab Egmont“, „P. de La Place“, „Bruxelles: chez Jean Le Petit“, „Amsterdam: u Joannes Janssonius ve Waesberge“ aj.</subfield>
  </datafield>
  <datafield tag="906" ind1=" " ind2=" ">
    <subfield code="a">za20201207</subfield>
    <subfield code="b">evbr</subfield>
  </datafield>
  <datafield tag="906" ind1=" " ind2=" ">
    <subfield code="a">ko20201207</subfield>
    <subfield code="b">evbr</subfield>
  </datafield>
</record>