

<record>
  <leader>     nz  a22     n  4500</leader>
  <controlfield tag="001">aun20201095606</controlfield>
  <controlfield tag="003">CZ PrNK</controlfield>
  <controlfield tag="005">20201207085840.0</controlfield>
  <controlfield tag="008">201207|n|aznnnaabn           n a|a      </controlfield>
  <datafield tag="040" ind1=" " ind2=" ">
    <subfield code="a">ABA001</subfield>
    <subfield code="b">cze</subfield>
    <subfield code="e">rda</subfield>
  </datafield>
  <datafield tag="100" ind1="1" ind2=" ">
    <subfield code="a">Dong, Zhongshu,</subfield>
    <subfield code="d">asi 179 př. Kr.-asi 104 př. Kr.</subfield>
    <subfield code="t">Chun qiu fan lu</subfield>
    <subfield code="7">aun20201095606</subfield>
  </datafield>
  <datafield tag="400" ind1="1" ind2=" ">
    <subfield code="a">Dong, Zhongshu,</subfield>
    <subfield code="d">asi 179 př. Kr.-asi 104 př. Kr.</subfield>
    <subfield code="t">Čchun čchiou fan lu</subfield>
    <subfield code="0">o</subfield>
  </datafield>
  <datafield tag="670" ind1=" " ind2=" ">
    <subfield code="a">Chun qiu fan lu :(jie xuan) / Dong Zhongshu zhu ; Zhou Guidian jie du. Beijing : Guo jia tu shu guan chu ban she, 2019</subfield>
  </datafield>
  <datafield tag="678" ind1=" " ind2=" ">
    <subfield code="a">Komentář k čínskému historickému dílu Chun qiu (Letopisy jar a podzimů).</subfield>
  </datafield>
  <datafield tag="906" ind1=" " ind2=" ">
    <subfield code="a">br20201207</subfield>
    <subfield code="b">jasv</subfield>
  </datafield>
  <datafield tag="906" ind1=" " ind2=" ">
    <subfield code="a">ks20201207</subfield>
    <subfield code="b">jasv</subfield>
  </datafield>
</record>