

<record>
  <leader>     nz  a22     n  4500</leader>
  <controlfield tag="001">aun20201095609</controlfield>
  <controlfield tag="003">CZ PrNK</controlfield>
  <controlfield tag="005">20201207095113.0</controlfield>
  <controlfield tag="008">201207|n|aznnnaabn           n a|a      </controlfield>
  <datafield tag="040" ind1=" " ind2=" ">
    <subfield code="a">ABA001</subfield>
    <subfield code="b">cze</subfield>
    <subfield code="e">rda</subfield>
  </datafield>
  <datafield tag="100" ind1="0" ind2=" ">
    <subfield code="a">Eukleidés,</subfield>
    <subfield code="d">-asi 280 př. Kr.</subfield>
    <subfield code="t">Základy.</subfield>
    <subfield code="l">Německy</subfield>
    <subfield code="7">aun20201095609</subfield>
  </datafield>
  <datafield tag="400" ind1="0" ind2=" ">
    <subfield code="a">Eukleidés,</subfield>
    <subfield code="d">-asi 280 př. Kr.</subfield>
    <subfield code="t">Elemente</subfield>
    <subfield code="0">o</subfield>
  </datafield>
  <datafield tag="400" ind1="0" ind2=" ">
    <subfield code="a">Eukleidés,</subfield>
    <subfield code="d">-asi 280 př. Kr.</subfield>
    <subfield code="t">Von den Anfängen und Fundamenten der Geometrie</subfield>
    <subfield code="0">o</subfield>
  </datafield>
  <datafield tag="400" ind1="0" ind2=" ">
    <subfield code="a">Eukleidés,</subfield>
    <subfield code="d">-asi 280 př. Kr.</subfield>
    <subfield code="t">Teutsch-Redender Euclides, oder, acht Bucher von denen Anfangen der Mess-Kunst</subfield>
    <subfield code="0">o</subfield>
  </datafield>
  <datafield tag="667" ind1=" " ind2=" ">
    <subfield code="a">Úplný název německého překladu: Die Elemente.</subfield>
  </datafield>
  <datafield tag="670" ind1=" " ind2=" ">
    <subfield code="a">DNB</subfield>
  </datafield>
  <datafield tag="670" ind1=" " ind2=" ">
    <subfield code="a">NTK</subfield>
  </datafield>
  <datafield tag="670" ind1=" " ind2=" ">
    <subfield code="a">www(Wikipedia, die freie Enzyklopädie)</subfield>
  </datafield>
  <datafield tag="906" ind1=" " ind2=" ">
    <subfield code="a">br20201207</subfield>
    <subfield code="b">hape</subfield>
  </datafield>
  <datafield tag="906" ind1=" " ind2=" ">
    <subfield code="a">ks20201207</subfield>
    <subfield code="b">hape</subfield>
  </datafield>
</record>