

<record>
  <leader>     nz  a22     n  4500</leader>
  <controlfield tag="001">aun20201095617</controlfield>
  <controlfield tag="003">CZ PrNK</controlfield>
  <controlfield tag="005">20201207094246.0</controlfield>
  <controlfield tag="008">201207|n|aznnnaabn           n a|a      </controlfield>
  <datafield tag="040" ind1=" " ind2=" ">
    <subfield code="a">ABA001</subfield>
    <subfield code="b">cze</subfield>
    <subfield code="e">rda</subfield>
  </datafield>
  <datafield tag="100" ind1="1" ind2=" ">
    <subfield code="a">Pu, Songling,</subfield>
    <subfield code="d">1640-1715.</subfield>
    <subfield code="t">Liao zhai zhi yi.</subfield>
    <subfield code="l">Rusky</subfield>
    <subfield code="7">aun20201095617</subfield>
  </datafield>
  <datafield tag="400" ind1="1" ind2=" ">
    <subfield code="a">Pu, Songling,</subfield>
    <subfield code="d">1640-1715.</subfield>
    <subfield code="t">Rasskazy Ljao Čžaja o neobyčajnom</subfield>
    <subfield code="0">o</subfield>
  </datafield>
  <datafield tag="670" ind1=" " ind2=" ">
    <subfield code="a">NKC</subfield>
  </datafield>
  <datafield tag="906" ind1=" " ind2=" ">
    <subfield code="a">br20201207</subfield>
    <subfield code="b">jasv</subfield>
  </datafield>
  <datafield tag="906" ind1=" " ind2=" ">
    <subfield code="a">ks20201207</subfield>
    <subfield code="b">jasv</subfield>
  </datafield>
</record>