

<record>
  <leader>     nz  a22     n  4500</leader>
  <controlfield tag="001">aun20201095632</controlfield>
  <controlfield tag="003">CZ PrNK</controlfield>
  <controlfield tag="005">20201207110152.0</controlfield>
  <controlfield tag="008">201207|n|aznnnaabn           n a|a      </controlfield>
  <datafield tag="040" ind1=" " ind2=" ">
    <subfield code="a">ABA001</subfield>
    <subfield code="b">cze</subfield>
    <subfield code="e">rda</subfield>
  </datafield>
  <datafield tag="100" ind1="1" ind2=" ">
    <subfield code="a">Guyot, Edme-Gilles,</subfield>
    <subfield code="d">1706-1786.</subfield>
    <subfield code="t">Nouvelles récréations physiques et mathématiques</subfield>
    <subfield code="7">aun20201095632</subfield>
  </datafield>
  <datafield tag="670" ind1=" " ind2=" ">
    <subfield code="a">BNF</subfield>
  </datafield>
  <datafield tag="670" ind1=" " ind2=" ">
    <subfield code="a">www(Wikipédia, l'encyclopédie libre)</subfield>
  </datafield>
  <datafield tag="856" ind1="4" ind2="2">
    <subfield code="u">https://gallica.bnf.fr/ark:/12148/bpt6k1512434f</subfield>
    <subfield code="4">N</subfield>
  </datafield>
  <datafield tag="906" ind1=" " ind2=" ">
    <subfield code="a">br20201207</subfield>
    <subfield code="b">hape</subfield>
  </datafield>
  <datafield tag="906" ind1=" " ind2=" ">
    <subfield code="a">ks20201207</subfield>
    <subfield code="b">hape</subfield>
  </datafield>
</record>