

<record>
  <leader>     nz  a22     n  4500</leader>
  <controlfield tag="001">jo20201095633</controlfield>
  <controlfield tag="003">CZ PrNK</controlfield>
  <controlfield tag="005">20201207102158.0</controlfield>
  <controlfield tag="008">201207|n|aznnnaabn           n a|a      </controlfield>
  <datafield tag="040" ind1=" " ind2=" ">
    <subfield code="a">ABA001</subfield>
    <subfield code="b">cze</subfield>
    <subfield code="e">rda</subfield>
  </datafield>
  <datafield tag="046" ind1=" " ind2=" ">
    <subfield code="f">1974</subfield>
  </datafield>
  <datafield tag="100" ind1="1" ind2=" ">
    <subfield code="a">Polehla, Jiří,</subfield>
    <subfield code="d">1974-</subfield>
    <subfield code="7">jo20201095633</subfield>
  </datafield>
  <datafield tag="370" ind1=" " ind2=" ">
    <subfield code="c">Česko</subfield>
    <subfield code="f">Náměšť nad Oslavou, Česko</subfield>
  </datafield>
  <datafield tag="372" ind1=" " ind2=" ">
    <subfield code="a">fotografování</subfield>
    <subfield code="a">fotografie</subfield>
    <subfield code="a">dokumentární fotografie</subfield>
  </datafield>
  <datafield tag="374" ind1=" " ind2=" ">
    <subfield code="a">fotografové</subfield>
  </datafield>
  <datafield tag="375" ind1=" " ind2=" ">
    <subfield code="a">muž</subfield>
  </datafield>
  <datafield tag="670" ind1=" " ind2=" ">
    <subfield code="a">GREGOR, František a POLEHLA, Jiří. Náměšť nad Oslavou včera a dnes. Žďár nad Sázavou: Tváře, s.r.o., 2020</subfield>
    <subfield code="b">autoritní forma</subfield>
  </datafield>
  <datafield tag="670" ind1=" " ind2=" ">
    <subfield code="a">www(osobní stránka), cit. 7. 12. 2020</subfield>
    <subfield code="b">biografické údaje</subfield>
    <subfield code="u">http://www.polehla.cz</subfield>
  </datafield>
  <datafield tag="670" ind1=" " ind2=" ">
    <subfield code="a">www(Živnostenský rejstřík), cit. 7. 12. 2020</subfield>
    <subfield code="b">datum narození, biografické údaje</subfield>
  </datafield>
  <datafield tag="678" ind1="0" ind2=" ">
    <subfield code="a">Narozen 11. 6. 1974. Fotograf.</subfield>
  </datafield>
  <datafield tag="906" ind1=" " ind2=" ">
    <subfield code="a">br20201207</subfield>
    <subfield code="b">beba</subfield>
  </datafield>
</record>