

<record>
  <leader>     nz  a22     n  4500</leader>
  <datafield tag="900" ind1=" " ind2=" ">
    <subfield code="a">J-NÁVRH</subfield>
  </datafield>
  <controlfield tag="001">xx0254861</controlfield>
  <controlfield tag="003">CZ PrNK</controlfield>
  <controlfield tag="005">20201207103026.2</controlfield>
  <controlfield tag="008">201207|n|aznnnaabn           n a|a      </controlfield>
  <datafield tag="040" ind1=" " ind2=" ">
    <subfield code="a">ABH306</subfield>
    <subfield code="b">cze</subfield>
    <subfield code="e">rda</subfield>
  </datafield>
  <datafield tag="100" ind1="1" ind2=" ">
    <subfield code="a">Alberts, Hermann,</subfield>
    <subfield code="d">1869-1960</subfield>
    <subfield code="7">xx0254861</subfield>
  </datafield>
  <datafield tag="368" ind1=" " ind2=" ">
    <subfield code="d">dr. h. c., Univerzita Martina Luthera v Halle-Wittenberg</subfield>
    <subfield code="s">1931</subfield>
  </datafield>
  <datafield tag="370" ind1=" " ind2=" ">
    <subfield code="b">Stendal (Německo)</subfield>
    <subfield code="c">Německo</subfield>
  </datafield>
  <datafield tag="372" ind1=" " ind2=" ">
    <subfield code="a">církev</subfield>
    <subfield code="a">dějiny</subfield>
  </datafield>
  <datafield tag="373" ind1=" " ind2=" ">
    <subfield code="a">Altmärkisches Museum</subfield>
  </datafield>
  <datafield tag="374" ind1=" " ind2=" ">
    <subfield code="a">duchovní</subfield>
    <subfield code="a">historici</subfield>
  </datafield>
  <datafield tag="375" ind1=" " ind2=" ">
    <subfield code="a">muž</subfield>
  </datafield>
  <datafield tag="377" ind1=" " ind2=" ">
    <subfield code="a">ger</subfield>
  </datafield>
  <datafield tag="400" ind1="1" ind2=" ">
    <subfield code="a">Alberts, Wilhelm Heinrich Richard Hermann,</subfield>
    <subfield code="d">1869-1960</subfield>
    <subfield code="0">o</subfield>
  </datafield>
  <datafield tag="670" ind1=" " ind2=" ">
    <subfield code="a">DNB, cit. 9. 9. 2020</subfield>
    <subfield code="b">autoritní forma, místo narození a úmrtí, odkaz viz, pole 374</subfield>
  </datafield>
  <datafield tag="670" ind1=" " ind2=" ">
    <subfield code="a">www(Wikipedie, otevřená encyklopedie), cit. 8. 9. 2020</subfield>
    <subfield code="b">úplné datum narození a úmrtí, pole 368, 373, 374, biografické údaje,</subfield>
    <subfield code="u">https://de.wikipedia.org/wiki/Hermann_Alberts</subfield>
  </datafield>
  <datafield tag="678" ind1=" " ind2=" ">
    <subfield code="a">Německý protestantský kněz, kurátor Altmärkisches Museum v Stendal v Sasku-Anhaltsku. Narozen 28. 12. 1869 v Jeebenu, zemřel 5. 3. 1960 ve Stendalu.</subfield>
  </datafield>
  <datafield tag="906" ind1=" " ind2=" ">
    <subfield code="a">za20201207</subfield>
    <subfield code="b">xzdkr</subfield>
  </datafield>
</record>