

<record>
  <leader>     nz  a22     n  4500</leader>
  <controlfield tag="001">kon20201095650</controlfield>
  <controlfield tag="003">CZ PrNK</controlfield>
  <controlfield tag="005">20201207103653.0</controlfield>
  <controlfield tag="008">201207|n|aznnnaabn           n a|a      </controlfield>
  <datafield tag="040" ind1=" " ind2=" ">
    <subfield code="a">ABA001</subfield>
    <subfield code="b">cze</subfield>
    <subfield code="e">rda</subfield>
  </datafield>
  <datafield tag="110" ind1="2" ind2=" ">
    <subfield code="a">Jednota chmelařská v Žatci.</subfield>
    <subfield code="b">Český odbor.</subfield>
    <subfield code="t">Výroční zpráva (Jednota chmelařská v Žatci. Český odbor)</subfield>
    <subfield code="7">kon20201095650</subfield>
  </datafield>
  <datafield tag="410" ind1="2" ind2=" ">
    <subfield code="a">Jednota chmelařská v Žatci.</subfield>
    <subfield code="b">Český odbor.</subfield>
    <subfield code="t">Výroční zpráva Českého odboru Jednoty chmelařské v Žatci</subfield>
    <subfield code="0">o</subfield>
  </datafield>
  <datafield tag="670" ind1=" " ind2=" ">
    <subfield code="a">Výroční zpráva Českého odboru Jednoty chmelařské v Žatci. V Žatci : nákladem Českého odboru Jednoty chmelařské v Žatci, [1927-1952?]</subfield>
  </datafield>
  <datafield tag="906" ind1=" " ind2=" ">
    <subfield code="a">br20201207</subfield>
    <subfield code="b">juri</subfield>
  </datafield>
  <datafield tag="906" ind1=" " ind2=" ">
    <subfield code="a">ks20201207</subfield>
    <subfield code="b">juri</subfield>
  </datafield>
</record>