

<record>
  <leader>     nz  a22     n  4500</leader>
  <controlfield tag="001">jo20201095651</controlfield>
  <controlfield tag="003">CZ PrNK</controlfield>
  <controlfield tag="005">20201209065156.0</controlfield>
  <controlfield tag="008">201207|n|aznnnaabn           n a|a      </controlfield>
  <datafield tag="040" ind1=" " ind2=" ">
    <subfield code="a">ABA001</subfield>
    <subfield code="b">cze</subfield>
    <subfield code="d">ABA001</subfield>
    <subfield code="e">rda</subfield>
  </datafield>
  <datafield tag="046" ind1=" " ind2=" ">
    <subfield code="f">1960</subfield>
  </datafield>
  <datafield tag="100" ind1="1" ind2=" ">
    <subfield code="a">Rafaj, Zdeněk,</subfield>
    <subfield code="d">1960-</subfield>
    <subfield code="7">jo20201095651</subfield>
  </datafield>
  <datafield tag="MOR" ind1="0" ind2=" ">
    <subfield code="a">Rafaj, Zdeněk,</subfield>
    <subfield code="d">1960-</subfield>
    <subfield code="7">xx0254979</subfield>
  </datafield>
  <datafield tag="368" ind1=" " ind2=" ">
    <subfield code="d">Ing., Vysoké škola zemědělská v Praze (Zootechnika)</subfield>
  </datafield>
  <datafield tag="370" ind1=" " ind2=" ">
    <subfield code="a">Pelhřimov, Česko</subfield>
    <subfield code="c">Česko</subfield>
    <subfield code="f">Lipnice nad Sázavou, Česko</subfield>
  </datafield>
  <datafield tag="372" ind1=" " ind2=" ">
    <subfield code="a">městská správa</subfield>
    <subfield code="a">obecní zastupitelstva</subfield>
    <subfield code="a">dějiny měst</subfield>
  </datafield>
  <datafield tag="374" ind1=" " ind2=" ">
    <subfield code="a">starostové</subfield>
    <subfield code="a">obecní zastupitelé</subfield>
    <subfield code="a">zemědělští inženýři</subfield>
  </datafield>
  <datafield tag="375" ind1=" " ind2=" ">
    <subfield code="a">muž</subfield>
  </datafield>
  <datafield tag="377" ind1=" " ind2=" ">
    <subfield code="a">cze</subfield>
  </datafield>
  <datafield tag="670" ind1=" " ind2=" ">
    <subfield code="a">Hanzlík, Marek - Rafaj, Zdeněk: Lipnice nad Sázavou včera a dnes, 2020</subfield>
    <subfield code="b">autoritní forma, biografické údaje</subfield>
  </datafield>
  <datafield tag="670" ind1=" " ind2=" ">
    <subfield code="a">www(Paměť národa), cit. 7. 12. 2020</subfield>
    <subfield code="b">datum narození, biografické údaje</subfield>
  </datafield>
  <datafield tag="678" ind1="0" ind2=" ">
    <subfield code="a">Narozen 10. 6. 1960 v Pelhřimově. Starosta města Lipnice nad Sázavou (od 2018).</subfield>
  </datafield>
  <datafield tag="906" ind1=" " ind2=" ">
    <subfield code="a">br20201207</subfield>
    <subfield code="b">beba</subfield>
  </datafield>
  <datafield tag="906" ind1=" " ind2=" ">
    <subfield code="a">co20201209</subfield>
    <subfield code="b">tone</subfield>
  </datafield>
</record>