

<record>
  <leader>     nz  a22     n  4500</leader>
  <controlfield tag="001">ge1095653</controlfield>
  <controlfield tag="003">CZ PrNK</controlfield>
  <controlfield tag="005">20201209124345.0</controlfield>
  <controlfield tag="008">201207|n|acznnbabn           n a|a      </controlfield>
  <datafield tag="034" ind1=" " ind2=" ">
    <subfield code="d">E020.9778</subfield>
    <subfield code="e">E020.9778</subfield>
    <subfield code="f">N044.7396</subfield>
    <subfield code="g">N044.7396</subfield>
  </datafield>
  <datafield tag="040" ind1=" " ind2=" ">
    <subfield code="a">BOD004</subfield>
    <subfield code="b">cze</subfield>
    <subfield code="d">ABA001</subfield>
  </datafield>
  <datafield tag="043" ind1=" " ind2=" ">
    <subfield code="a">e-rb---</subfield>
  </datafield>
  <datafield tag="080" ind1=" " ind2=" ">
    <subfield code="a">(497.11)</subfield>
    <subfield code="2">MRF_2014</subfield>
  </datafield>
  <datafield tag="151" ind1=" " ind2=" ">
    <subfield code="a">Kovin (Srbsko : oblast)</subfield>
    <subfield code="7">ge1095653</subfield>
  </datafield>
  <datafield tag="551" ind1=" " ind2=" ">
    <subfield code="a">Kovin (Srbsko)</subfield>
    <subfield code="7">ge1095434</subfield>
  </datafield>
  <datafield tag="751" ind1="0" ind2="7">
    <subfield code="a">Kovin Region (Serbia)</subfield>
    <subfield code="2">eczenas</subfield>
  </datafield>
  <datafield tag="GPS" ind1=" " ind2=" ">
    <subfield code="a">44°44'22.5"N</subfield>
    <subfield code="c">20°58'40.2"E</subfield>
  </datafield>
  <datafield tag="956" ind1="4" ind2=" ">
    <subfield code="u">http://aleph.nkp.cz/aleph-cgi/show_map?ll=44.73958,20.97783&amp;z=12</subfield>
    <subfield code="y">Zobrazit na mapě</subfield>
    <subfield code="4">N</subfield>
  </datafield>
  <datafield tag="906" ind1=" " ind2=" ">
    <subfield code="a">za20201207</subfield>
    <subfield code="b">kourilova</subfield>
  </datafield>
  <datafield tag="906" ind1=" " ind2=" ">
    <subfield code="a">wr20201209</subfield>
    <subfield code="b">mase</subfield>
  </datafield>
</record>