

<record>
  <leader>     nz  a22     n  4500</leader>
  <controlfield tag="001">aun20201095658</controlfield>
  <controlfield tag="003">CZ PrNK</controlfield>
  <controlfield tag="005">20201207110147.0</controlfield>
  <controlfield tag="008">201207|n|aznnnaabn           n a|a      </controlfield>
  <datafield tag="040" ind1=" " ind2=" ">
    <subfield code="a">ABA001</subfield>
    <subfield code="b">cze</subfield>
    <subfield code="e">rda</subfield>
  </datafield>
  <datafield tag="100" ind1="1" ind2=" ">
    <subfield code="a">Guyot, Edme-Gilles,</subfield>
    <subfield code="d">1706-1786.</subfield>
    <subfield code="t">Nouvelles récréations physiques et mathématiques.</subfield>
    <subfield code="l">Německy</subfield>
    <subfield code="7">aun20201095658</subfield>
  </datafield>
  <datafield tag="400" ind1="1" ind2=" ">
    <subfield code="a">Guyot, Edme-Gilles,</subfield>
    <subfield code="d">1706-1786.</subfield>
    <subfield code="t">Neue physikalische und mathematische Belustigungen, oder Sammlung von neuen Kunststücken zum Vergnügen, mit dem Magnete, mit den Zahlen, aus der Optik sowohl, als aus der Chemie</subfield>
    <subfield code="0">o</subfield>
  </datafield>
  <datafield tag="670" ind1=" " ind2=" ">
    <subfield code="a">NTK</subfield>
  </datafield>
  <datafield tag="670" ind1=" " ind2=" ">
    <subfield code="a">LC (Names)</subfield>
  </datafield>
  <datafield tag="856" ind1="4" ind2="2">
    <subfield code="u">http://books.google.cz/books?vid=NKP:1002599658&amp;printsec=frontcover</subfield>
    <subfield code="4">N</subfield>
  </datafield>
  <datafield tag="906" ind1=" " ind2=" ">
    <subfield code="a">br20201207</subfield>
    <subfield code="b">hape</subfield>
  </datafield>
  <datafield tag="906" ind1=" " ind2=" ">
    <subfield code="a">ks20201207</subfield>
    <subfield code="b">hape</subfield>
  </datafield>
</record>