

<record>
  <leader>     nz  a22     n  4500</leader>
  <controlfield tag="001">kon20201095661</controlfield>
  <controlfield tag="003">CZ PrNK</controlfield>
  <controlfield tag="005">20201207111355.0</controlfield>
  <controlfield tag="008">201207|n|aznnnaabn           n a|a      </controlfield>
  <datafield tag="040" ind1=" " ind2=" ">
    <subfield code="a">ABA001</subfield>
    <subfield code="b">cze</subfield>
    <subfield code="e">rda</subfield>
  </datafield>
  <datafield tag="110" ind1="2" ind2=" ">
    <subfield code="a">Ústřední matice školská.</subfield>
    <subfield code="b">Dámský odbor.</subfield>
    <subfield code="t">Výroční zpráva (Ústřední matice školská. Dámský odbor)</subfield>
    <subfield code="7">kon20201095661</subfield>
  </datafield>
  <datafield tag="410" ind1="2" ind2=" ">
    <subfield code="a">Ústřední matice školská.</subfield>
    <subfield code="b">Dámský odbor.</subfield>
    <subfield code="t">Výroční zpráva, kterou podává Pražský odbor dam Ústřední matice školské</subfield>
    <subfield code="0">o</subfield>
  </datafield>
  <datafield tag="670" ind1=" " ind2=" ">
    <subfield code="a">... výroční zpráva, kterou podává Pražský odbor dam Ústřední matice školské. [Praha] : nákladem vlastním, 1893-1909?]</subfield>
  </datafield>
  <datafield tag="906" ind1=" " ind2=" ">
    <subfield code="a">br20201207</subfield>
    <subfield code="b">juri</subfield>
  </datafield>
  <datafield tag="906" ind1=" " ind2=" ">
    <subfield code="a">ks20201207</subfield>
    <subfield code="b">juri</subfield>
  </datafield>
</record>