

<record>
  <leader>     nz  a22     n  4500</leader>
  <controlfield tag="001">kon20201095676</controlfield>
  <controlfield tag="003">CZ PrNK</controlfield>
  <controlfield tag="005">20201207114735.0</controlfield>
  <controlfield tag="008">201207|n|aznnnaabn           n a|a      </controlfield>
  <datafield tag="040" ind1=" " ind2=" ">
    <subfield code="a">ABA001</subfield>
    <subfield code="b">cze</subfield>
    <subfield code="e">rda</subfield>
  </datafield>
  <datafield tag="110" ind1="2" ind2=" ">
    <subfield code="a">Lidové stavební a bytové družstvo v Plzni.</subfield>
    <subfield code="t">Výroční zpráva (Lidové stavební a bytové družstvo v Plzni)</subfield>
    <subfield code="7">kon20201095676</subfield>
  </datafield>
  <datafield tag="410" ind1="2" ind2=" ">
    <subfield code="a">Lidové stavební a bytové družstvo v Plzni.</subfield>
    <subfield code="t">Výroční zpráva Lidového stavebního a bytového družstva v Plzni</subfield>
    <subfield code="0">o</subfield>
  </datafield>
  <datafield tag="670" ind1=" " ind2=" ">
    <subfield code="a">Výroční zpráva Lidového stavebního a bytového družstva v Plzni, zapsané společenstvo s ručením obmezeným. Plzeň] : [nakladatel není známý], [1913-1949?]</subfield>
  </datafield>
  <datafield tag="906" ind1=" " ind2=" ">
    <subfield code="a">br20201207</subfield>
    <subfield code="b">juri</subfield>
  </datafield>
  <datafield tag="906" ind1=" " ind2=" ">
    <subfield code="a">ks20201207</subfield>
    <subfield code="b">juri</subfield>
  </datafield>
</record>