

<record>
  <leader>     nz  a22     n  4500</leader>
  <datafield tag="900" ind1=" " ind2=" ">
    <subfield code="a">J-NÁVRH-STT</subfield>
  </datafield>
  <controlfield tag="001">ntk20201095691</controlfield>
  <controlfield tag="003">CZ PrNK</controlfield>
  <controlfield tag="005">20201207143901.0</controlfield>
  <controlfield tag="008">201207|n|aznnnaabn           n a|a      </controlfield>
  <datafield tag="040" ind1=" " ind2=" ">
    <subfield code="a">ABA013</subfield>
    <subfield code="b">cze</subfield>
    <subfield code="e">rda</subfield>
  </datafield>
  <datafield tag="046" ind1=" " ind2=" ">
    <subfield code="f">1649</subfield>
  </datafield>
  <datafield tag="100" ind1="1" ind2=" ">
    <subfield code="a">König, Johann Rudolph,</subfield>
    <subfield code="d">1649-</subfield>
    <subfield code="7">ntk20201095691</subfield>
  </datafield>
  <datafield tag="370" ind1=" " ind2=" ">
    <subfield code="c">Švýcarsko</subfield>
  </datafield>
  <datafield tag="370" ind1=" " ind2=" ">
    <subfield code="f">Basilej, Švýcarsko</subfield>
    <subfield code="s">1677</subfield>
    <subfield code="t">1679</subfield>
  </datafield>
  <datafield tag="372" ind1=" " ind2=" ">
    <subfield code="a">nakladatelství a vydavatelství</subfield>
    <subfield code="a">knižní produkce</subfield>
    <subfield code="a">knižní kultura</subfield>
    <subfield code="a">knižní obchod</subfield>
  </datafield>
  <datafield tag="374" ind1=" " ind2=" ">
    <subfield code="a">nakladatelé a vydavatelé</subfield>
    <subfield code="a">knihkupci</subfield>
  </datafield>
  <datafield tag="375" ind1=" " ind2=" ">
    <subfield code="a">muž</subfield>
  </datafield>
  <datafield tag="377" ind1=" " ind2=" ">
    <subfield code="a">lat</subfield>
    <subfield code="a">ger</subfield>
  </datafield>
  <datafield tag="400" ind1="1" ind2=" ">
    <subfield code="a">König, Johann Rudolf,</subfield>
    <subfield code="d">1649-</subfield>
    <subfield code="0">o</subfield>
  </datafield>
  <datafield tag="400" ind1="1" ind2=" ">
    <subfield code="a">König, Hans Rudolph,</subfield>
    <subfield code="d">1649-</subfield>
    <subfield code="0">o</subfield>
  </datafield>
  <datafield tag="400" ind1="1" ind2=" ">
    <subfield code="a">König, Hans Rudolf,</subfield>
    <subfield code="d">1649-</subfield>
    <subfield code="0">o</subfield>
  </datafield>
  <datafield tag="667" ind1=" " ind2=" ">
    <subfield code="a">http://d-nb.info/gnd/1037516141.</subfield>
  </datafield>
  <datafield tag="670" ind1=" " ind2=" ">
    <subfield code="a">DOCTRINA TRIANGVLORVM, SIVE TRIGONOMETRIA, ... Beschrieben von Georg Friderich Meyer, Jng. Basell: In Verlegung, Hans Rudolph vnd Ludwig Königs, Buchführeren in Basell ; Gedruckt Bey Joh. Rudolph Genath, 1678</subfield>
    <subfield code="b">odkaz viz</subfield>
    <subfield code="u">https://doi.org/10.3931/e-rara-2947</subfield>
  </datafield>
  <datafield tag="670" ind1=" " ind2=" ">
    <subfield code="a">DNB, cit. 7. 12. 2020</subfield>
    <subfield code="b">autoritní forma, odkazy viz, místo a data činnosti, datum narození a přibližné datum úmrtí</subfield>
    <subfield code="u">http://d-nb.info/gnd/1037516141</subfield>
  </datafield>
  <datafield tag="670" ind1=" " ind2=" ">
    <subfield code="a">www(Index typographorum editorumque Basiliensium (ITB), Johann Rudolph König (1649-nach 1680)), cit. 7. 12. 2020</subfield>
    <subfield code="b">údaje o činnosti, biografická a profesní data</subfield>
    <subfield code="u">https://ub2.unibas.ch/itb/druckerverleger/johann-rudolph-koenig/</subfield>
  </datafield>
  <datafield tag="675" ind1=" " ind2=" ">
    <subfield code="a">HELVETICAT, cit. 7. 12. 2020</subfield>
  </datafield>
  <datafield tag="678" ind1="0" ind2=" ">
    <subfield code="a">Švýcarský nakladatel a knihkupec, činný v Basileji v letech 1677-1679 (zemřel po roce 1680). V činnosti navázal na svého otce nakladatele Johanna Königa (1626-1676). V letech 1677-1678 spolupracoval se svým mladším bratrem knihkupcem a nakladatelem Johannem Ludwigem Königem (1653-1711), v letech 1678-1679 s tiskařem Johannem Rudolphem Genathem (1638-1708) a v roce 1678 s tiskařem Johannem Brandmüllerem (1653-1710).</subfield>
  </datafield>
  <datafield tag="906" ind1=" " ind2=" ">
    <subfield code="a">za20201207</subfield>
    <subfield code="b">evbr</subfield>
  </datafield>
  <datafield tag="906" ind1=" " ind2=" ">
    <subfield code="a">ko20201207</subfield>
    <subfield code="b">evbr</subfield>
  </datafield>
</record>