

<record>
  <leader>     nz  a22     n  4500</leader>
  <controlfield tag="001">kon20201095693</controlfield>
  <controlfield tag="003">CZ PrNK</controlfield>
  <controlfield tag="005">20201207124522.0</controlfield>
  <controlfield tag="008">201207|n|aznnnaabn           n a|a      </controlfield>
  <datafield tag="040" ind1=" " ind2=" ">
    <subfield code="a">ABA001</subfield>
    <subfield code="b">cze</subfield>
    <subfield code="e">rda</subfield>
  </datafield>
  <datafield tag="110" ind1="2" ind2=" ">
    <subfield code="a">Městští školní lékaři pražští (spolek).</subfield>
    <subfield code="t">Výroční zpráva (Městští školní lékaři pražští (spolek))</subfield>
    <subfield code="7">kon20201095693</subfield>
  </datafield>
  <datafield tag="410" ind1="2" ind2=" ">
    <subfield code="a">Městští školní lékaři pražští (spolek).</subfield>
    <subfield code="t">Výroční zpráva o činnosti městských školních lékařů Pražských</subfield>
    <subfield code="0">o</subfield>
  </datafield>
  <datafield tag="670" ind1=" " ind2=" ">
    <subfield code="a">... výroční zpráva o činnosti městských školních lékařů Pražských. Praha : nákladem městských školních lékařů pražských, 1906-[1907?]:</subfield>
  </datafield>
  <datafield tag="906" ind1=" " ind2=" ">
    <subfield code="a">br20201207</subfield>
    <subfield code="b">juri</subfield>
  </datafield>
  <datafield tag="906" ind1=" " ind2=" ">
    <subfield code="a">ks20201207</subfield>
    <subfield code="b">juri</subfield>
  </datafield>
</record>