

<record>
  <leader>     nz  a22     n  4500</leader>
  <controlfield tag="001">jo20201095707</controlfield>
  <controlfield tag="003">CZ PrNK</controlfield>
  <controlfield tag="005">20201207130834.0</controlfield>
  <controlfield tag="008">201207|n|aznnnaabn           n a|a      </controlfield>
  <datafield tag="040" ind1=" " ind2=" ">
    <subfield code="a">ABA001</subfield>
    <subfield code="b">cze</subfield>
    <subfield code="e">rda</subfield>
  </datafield>
  <datafield tag="046" ind1=" " ind2=" ">
    <subfield code="f">1960</subfield>
  </datafield>
  <datafield tag="100" ind1="1" ind2=" ">
    <subfield code="a">Jílková, Jana,</subfield>
    <subfield code="d">1960-</subfield>
    <subfield code="7">jo20201095707</subfield>
  </datafield>
  <datafield tag="368" ind1=" " ind2=" ">
    <subfield code="d">Ph.D., Univerzita Karlova, Pedagogická fakulta (Pedagogika)</subfield>
    <subfield code="s">2012</subfield>
  </datafield>
  <datafield tag="368" ind1=" " ind2=" ">
    <subfield code="d">RNDr., Univerzita Karlova, Přírododvědecká fakulta</subfield>
  </datafield>
  <datafield tag="370" ind1=" " ind2=" ">
    <subfield code="c">Česko</subfield>
    <subfield code="f">Kutná Hora, Česko</subfield>
  </datafield>
  <datafield tag="372" ind1=" " ind2=" ">
    <subfield code="a">pedagogika</subfield>
    <subfield code="a">pedagogická evaluace</subfield>
    <subfield code="a">jazyková výuka</subfield>
    <subfield code="a">vzdělávací programy</subfield>
    <subfield code="a">vzdělávání učitelů</subfield>
    <subfield code="a">profesní rozvoj</subfield>
    <subfield code="a">lektorství (vzdělávání)</subfield>
    <subfield code="a">překladatelství</subfield>
    <subfield code="a">angličtina</subfield>
  </datafield>
  <datafield tag="374" ind1=" " ind2=" ">
    <subfield code="a">pedagožky</subfield>
    <subfield code="a">lektorky (vzdělávání)</subfield>
  </datafield>
  <datafield tag="375" ind1=" " ind2=" ">
    <subfield code="a">žena</subfield>
  </datafield>
  <datafield tag="377" ind1=" " ind2=" ">
    <subfield code="a">cze</subfield>
    <subfield code="a">eng</subfield>
  </datafield>
  <datafield tag="670" ind1=" " ind2=" ">
    <subfield code="a">BALÁKOVÁ, Ludmila a JÍLKOVÁ, Jana et al. Maturita z anglického jazyka. Komplexní příprava. Brno: Didaktis, ©2018</subfield>
    <subfield code="b">autoritní forma</subfield>
  </datafield>
  <datafield tag="670" ind1=" " ind2=" ">
    <subfield code="a">www(Jílková, Jana. Determinanty ovlivňující jazykové vzdělávání. Praha, 2012. Disertační práce. Univerzita Karlova, Pedagogická fakulta. In: Repozitář závěrečných prací CUNI), cit. 7. 12. 2020</subfield>
    <subfield code="b">biografické údaje</subfield>
  </datafield>
  <datafield tag="670" ind1=" " ind2=" ">
    <subfield code="a">www(Živnostenský rejstřík), cit. 7. 12. 2020</subfield>
    <subfield code="b">datum narození, biografické údaje</subfield>
  </datafield>
  <datafield tag="678" ind1="0" ind2=" ">
    <subfield code="a">Narozena 19. 5. 1960. Pedagožka, metodička, lektorka a projektová manažerka jazykového vzdělávání.</subfield>
  </datafield>
  <datafield tag="906" ind1=" " ind2=" ">
    <subfield code="a">br20201207</subfield>
    <subfield code="b">beba</subfield>
  </datafield>
</record>