

<record>
  <leader>     nz  a22     n  4500</leader>
  <datafield tag="900" ind1=" " ind2=" ">
    <subfield code="a">J-NÁVRH-S</subfield>
  </datafield>
  <controlfield tag="001">js20201095708</controlfield>
  <controlfield tag="003">CZ PrNK</controlfield>
  <controlfield tag="005">20201209211004.0</controlfield>
  <controlfield tag="008">201207|n|aznnnaabn           n a|a      </controlfield>
  <datafield tag="024" ind1="7" ind2=" ">
    <subfield code="a">0000000038016850</subfield>
    <subfield code="2">isni</subfield>
  </datafield>
  <datafield tag="040" ind1=" " ind2=" ">
    <subfield code="a">ABA004</subfield>
    <subfield code="b">cze</subfield>
    <subfield code="e">rda</subfield>
  </datafield>
  <datafield tag="046" ind1=" " ind2=" ">
    <subfield code="f">1900</subfield>
    <subfield code="g">1976</subfield>
  </datafield>
  <datafield tag="100" ind1="1" ind2=" ">
    <subfield code="a">Harasymčuk, Roman,</subfield>
    <subfield code="d">1900-1976</subfield>
    <subfield code="7">js20201095708</subfield>
  </datafield>
  <datafield tag="370" ind1=" " ind2=" ">
    <subfield code="c">Ukrajina</subfield>
  </datafield>
  <datafield tag="372" ind1=" " ind2=" ">
    <subfield code="a">etnochoreologie</subfield>
    <subfield code="a">muzikologie</subfield>
    <subfield code="a">etnologie</subfield>
  </datafield>
  <datafield tag="374" ind1=" " ind2=" ">
    <subfield code="a">etnologové</subfield>
    <subfield code="a">muzikologové</subfield>
  </datafield>
  <datafield tag="375" ind1=" " ind2=" ">
    <subfield code="a">muž</subfield>
  </datafield>
  <datafield tag="377" ind1=" " ind2=" ">
    <subfield code="a">ukr</subfield>
  </datafield>
  <datafield tag="400" ind1="1" ind2=" ">
    <subfield code="a">Harasymčuk, Roman Petrovyč,</subfield>
    <subfield code="d">1900-1976</subfield>
    <subfield code="0">o</subfield>
  </datafield>
  <datafield tag="400" ind1="1" ind2=" ">
    <subfield code="a">Harasymczuk, Roman Włodzimierz,</subfield>
    <subfield code="d">1900-1976</subfield>
    <subfield code="2">czepol</subfield>
    <subfield code="0">o</subfield>
  </datafield>
  <datafield tag="670" ind1=" " ind2=" ">
    <subfield code="a">NBU, 7. 12. 2020</subfield>
    <subfield code="b">autoritní forma</subfield>
  </datafield>
  <datafield tag="670" ind1=" " ind2=" ">
    <subfield code="a">www(Vìkìpedìja, vìl‘na encyklopedìja), cit. 7. 12. 2020</subfield>
    <subfield code="b">biografické údaje, datum narození a úmrtí, odkaz viz</subfield>
    <subfield code="u">https://uk.wikipedia.org/wiki/%D0%93%D0%B0%D1%80%D0%B0%D1%81%D0%B8%D0%BC%D1%87%D1%83%D0%BA_%D0%A0%D0%BE%D0%BC%D0%B0%D0%BD_%D0%9F%D0%B5%D1%82%D1%80%D0%BE%D0%B2%D0%B8%D1%87</subfield>
  </datafield>
  <datafield tag="670" ind1=" " ind2=" ">
    <subfield code="a">Harasymčuk, Roman: Narodnì tancì ukrajincìv Karpat. Knyha 1, Hucul‘s‘kì tancì, 2008</subfield>
    <subfield code="b">profesní údaje, životní data</subfield>
  </datafield>
  <datafield tag="670" ind1=" " ind2=" ">
    <subfield code="a">Harasymczuk, Roman Włodzimierz: Tańce huculskie, 1939</subfield>
    <subfield code="b">odkaz viz</subfield>
  </datafield>
  <datafield tag="678" ind1="0" ind2=" ">
    <subfield code="a">Ukrajinský etnochoreolog, muzikolog a etnolog zaměřený na výskum lidových tanců a řemesel v karpatské oblasti.</subfield>
  </datafield>
  <datafield tag="906" ind1=" " ind2=" ">
    <subfield code="a">za20201207</subfield>
    <subfield code="b">anlu</subfield>
  </datafield>
</record>