

<record>
  <leader>     nz  a22     n  4500</leader>
  <controlfield tag="001">pna20201095712</controlfield>
  <controlfield tag="003">CZ PrNK</controlfield>
  <controlfield tag="005">20201208112728.0</controlfield>
  <controlfield tag="008">201207|n|aznnnaabn           n a|a      </controlfield>
  <datafield tag="040" ind1=" " ind2=" ">
    <subfield code="a">PNA001</subfield>
    <subfield code="b">cze</subfield>
    <subfield code="d">ABA001</subfield>
    <subfield code="e">rda</subfield>
  </datafield>
  <datafield tag="110" ind1="2" ind2=" ">
    <subfield code="a">Černé jezero (vodní elektrárna)</subfield>
    <subfield code="7">pna20201095712</subfield>
  </datafield>
  <datafield tag="368" ind1=" " ind2=" ">
    <subfield code="a">vodní elektrárny</subfield>
    <subfield code="a">přečerpávací vodní elektrárny</subfield>
  </datafield>
  <datafield tag="370" ind1=" " ind2=" ">
    <subfield code="c">Česko</subfield>
    <subfield code="f">Šumava, pohoří</subfield>
  </datafield>
  <datafield tag="372" ind1=" " ind2=" ">
    <subfield code="a">energetika</subfield>
  </datafield>
  <datafield tag="377" ind1=" " ind2=" ">
    <subfield code="a">cze</subfield>
  </datafield>
  <datafield tag="410" ind1="2" ind2=" ">
    <subfield code="a">Přečerpávací vodní elektrárna Černé jezero</subfield>
    <subfield code="0">o</subfield>
  </datafield>
  <datafield tag="670" ind1=" " ind2=" ">
    <subfield code="a">Polívka, Martin: Perla na Úhlavě. Elektrárna byla první svého druhu v zemi. In: Mladá fronta Dnes. Plzeňské vydání, 30, 2019, 16. 11., č. 266. Šumava Dnes, s. 7</subfield>
  </datafield>
  <datafield tag="670" ind1=" " ind2=" ">
    <subfield code="a">www(Wikipedie, otevřená encyklopedie - Přečerpávací vodní elektrárna Černé jezero), cit. 7. 12. 2020</subfield>
    <subfield code="b">odkaz viz</subfield>
    <subfield code="u">https://cs.wikipedia.org/wiki/P%C5%99e%C4%8Derp%C3%A1vac%C3%AD_vodn%C3%AD_elektr%C3%A1rna_%C4%8Cern%C3%A9_jezero</subfield>
  </datafield>
  <datafield tag="906" ind1=" " ind2=" ">
    <subfield code="a">za20201207</subfield>
    <subfield code="b">kali</subfield>
  </datafield>
  <datafield tag="906" ind1=" " ind2=" ">
    <subfield code="a">vr20201208</subfield>
    <subfield code="b">svsv</subfield>
  </datafield>
</record>