

<record>
  <leader>     nz  a22     n  4500</leader>
  <controlfield tag="001">jo20201095713</controlfield>
  <controlfield tag="003">CZ PrNK</controlfield>
  <controlfield tag="005">20201207134255.0</controlfield>
  <controlfield tag="008">201207|n|aznnnaabn           n a|a      </controlfield>
  <datafield tag="040" ind1=" " ind2=" ">
    <subfield code="a">ABA001</subfield>
    <subfield code="b">cze</subfield>
    <subfield code="e">rda</subfield>
  </datafield>
  <datafield tag="046" ind1=" " ind2=" ">
    <subfield code="f">1962</subfield>
  </datafield>
  <datafield tag="100" ind1="1" ind2=" ">
    <subfield code="a">Pešková, Dagmar,</subfield>
    <subfield code="d">1962-</subfield>
    <subfield code="7">jo20201095713</subfield>
  </datafield>
  <datafield tag="368" ind1=" " ind2=" ">
    <subfield code="d">PhDr.</subfield>
  </datafield>
  <datafield tag="370" ind1=" " ind2=" ">
    <subfield code="c">Česko</subfield>
    <subfield code="f">Veselí nad Moravou, Česko</subfield>
  </datafield>
  <datafield tag="372" ind1=" " ind2=" ">
    <subfield code="a">angličtina</subfield>
    <subfield code="a">jazyková výuka</subfield>
    <subfield code="a">lektorství (vzdělávání)</subfield>
    <subfield code="a">překladatelská činnost</subfield>
    <subfield code="a">znalecká činnost</subfield>
    <subfield code="a">soudní překlady</subfield>
    <subfield code="a">soudní tlumočení</subfield>
  </datafield>
  <datafield tag="374" ind1=" " ind2=" ">
    <subfield code="a">překladatelky</subfield>
    <subfield code="a">tlumočnice</subfield>
    <subfield code="a">lektorky (vzdělávání)</subfield>
    <subfield code="a">znalkyně</subfield>
  </datafield>
  <datafield tag="375" ind1=" " ind2=" ">
    <subfield code="a">žena</subfield>
  </datafield>
  <datafield tag="377" ind1=" " ind2=" ">
    <subfield code="a">cze</subfield>
    <subfield code="a">eng</subfield>
  </datafield>
  <datafield tag="670" ind1=" " ind2=" ">
    <subfield code="a">BALÁKOVÁ, Ludmila a PEŠKOVÁ, Dagmar et al. Maturita z anglického jazyka. Maturitní témata. Brno: Didaktis, ©2020</subfield>
    <subfield code="b">autoritní forma</subfield>
  </datafield>
  <datafield tag="670" ind1=" " ind2=" ">
    <subfield code="a">www(PhDr. Dagmar Pešková - výuka angličtiny a překlady. In: Strážnické služby), cit. 7. 12. 2020</subfield>
    <subfield code="b">biografické údaje</subfield>
  </datafield>
  <datafield tag="670" ind1=" " ind2=" ">
    <subfield code="a">www(Živnostenský rejstřík), cit. 7. 12. 2020</subfield>
    <subfield code="b">datum narození, biografické údaje</subfield>
  </datafield>
  <datafield tag="678" ind1="0" ind2=" ">
    <subfield code="a">Narozena 18. 5. 1962. Překladatelka a tlumočnice mezi češtinou a angličtinou, soudní znalkyně v oboru anglický jazyk, lektorka angličtiny.</subfield>
  </datafield>
  <datafield tag="906" ind1=" " ind2=" ">
    <subfield code="a">br20201207</subfield>
    <subfield code="b">beba</subfield>
  </datafield>
</record>