

<record>
  <leader>     nz  a22     n  4500</leader>
  <controlfield tag="001">pna20201095717</controlfield>
  <controlfield tag="003">CZ PrNK</controlfield>
  <controlfield tag="005">20201208114003.0</controlfield>
  <controlfield tag="008">201207|n|aznnnaabn           n a|a      </controlfield>
  <datafield tag="040" ind1=" " ind2=" ">
    <subfield code="a">PNA001</subfield>
    <subfield code="b">cze</subfield>
    <subfield code="d">ABA008</subfield>
    <subfield code="e">rda</subfield>
  </datafield>
  <datafield tag="110" ind1="2" ind2=" ">
    <subfield code="a">Turnerova chata (Rejštejn, Česko)</subfield>
    <subfield code="7">pna20201095717</subfield>
  </datafield>
  <datafield tag="368" ind1=" " ind2=" ">
    <subfield code="a">horské chaty</subfield>
  </datafield>
  <datafield tag="370" ind1=" " ind2=" ">
    <subfield code="c">Česko</subfield>
    <subfield code="e">Rejštejn, Česko</subfield>
  </datafield>
  <datafield tag="372" ind1=" " ind2=" ">
    <subfield code="a">turistika</subfield>
    <subfield code="a">rekreace</subfield>
  </datafield>
  <datafield tag="377" ind1=" " ind2=" ">
    <subfield code="a">cze</subfield>
  </datafield>
  <datafield tag="670" ind1=" " ind2=" ">
    <subfield code="a">Zelinger, Jaroslav - Zuda, Jiří: Dvacet let na legendární chatě. Teď končí. In: Mladá fronta Dnes. Plzeňské vydání, 31, 2020, 24. 1., č. 20. Plzeňský Dnes, s. 14</subfield>
  </datafield>
  <datafield tag="670" ind1=" " ind2=" ">
    <subfield code="a">www (Turnerova chata na Šumavě), cit. 7. 12. 2020</subfield>
    <subfield code="u">http://www.turnerovachata.cz/cs</subfield>
  </datafield>
  <datafield tag="906" ind1=" " ind2=" ">
    <subfield code="a">za20201207</subfield>
    <subfield code="b">kali</subfield>
  </datafield>
  <datafield tag="906" ind1=" " ind2=" ">
    <subfield code="a">vr20201208</subfield>
    <subfield code="b">svsv</subfield>
  </datafield>
</record>