

<record>
  <leader>     nz  a22     n  4500</leader>
  <controlfield tag="001">kon20201095721</controlfield>
  <controlfield tag="003">CZ PrNK</controlfield>
  <controlfield tag="005">20201207133808.0</controlfield>
  <controlfield tag="008">201207|n|aznnnaabn           n a|a      </controlfield>
  <datafield tag="040" ind1=" " ind2=" ">
    <subfield code="a">ABA001</subfield>
    <subfield code="b">cze</subfield>
    <subfield code="e">rda</subfield>
  </datafield>
  <datafield tag="110" ind1="2" ind2=" ">
    <subfield code="a">Zemská hospodářská výzkumná stanice pro pěstování rostlin v Brně.</subfield>
    <subfield code="t">Výroční zpráva (Zemská hospodářská výzkumná stanice pro pěstování rostlin v Brně)</subfield>
    <subfield code="7">kon20201095721</subfield>
  </datafield>
  <datafield tag="410" ind1="2" ind2=" ">
    <subfield code="a">Zemská hospodářská výzkumná stanice pro pěstování rostlin v Brně.</subfield>
    <subfield code="t">Zpráva o činnosti Zemské hospodářské výzkumné stanice pro pěstování rostlin v Brně</subfield>
    <subfield code="0">o</subfield>
  </datafield>
  <datafield tag="670" ind1=" " ind2=" ">
    <subfield code="a">Zpráva o činnosti Zemské hospodářské výzkumné stanice pro pěstování rostlin v Brně. V Brně : nákladem Zemské hospodářské výzkumné stanice pro pěstování rostlin v Brně, [1901-1910]</subfield>
  </datafield>
  <datafield tag="906" ind1=" " ind2=" ">
    <subfield code="a">br20201207</subfield>
    <subfield code="b">juri</subfield>
  </datafield>
  <datafield tag="906" ind1=" " ind2=" ">
    <subfield code="a">ks20201207</subfield>
    <subfield code="b">juri</subfield>
  </datafield>
</record>