

<record>
  <leader>     nz  a22     n  4500</leader>
  <controlfield tag="001">fd1095723</controlfield>
  <controlfield tag="003">CZ PrNK</controlfield>
  <controlfield tag="005">20201207134033.0</controlfield>
  <controlfield tag="008">201207|n|anznnbabn           n a|a      </controlfield>
  <datafield tag="040" ind1=" " ind2=" ">
    <subfield code="a">ABA001</subfield>
    <subfield code="b">cze</subfield>
  </datafield>
  <datafield tag="080" ind1=" " ind2=" ">
    <subfield code="a">821.584.21-1</subfield>
    <subfield code="2">MRF_2003</subfield>
  </datafield>
  <datafield tag="155" ind1=" " ind2=" ">
    <subfield code="a">barmská poezie</subfield>
    <subfield code="7">fd1095723</subfield>
  </datafield>
  <datafield tag="755" ind1="0" ind2="7">
    <subfield code="a">Burmese poetry</subfield>
    <subfield code="2">eczenas</subfield>
  </datafield>
  <datafield tag="906" ind1=" " ind2=" ">
    <subfield code="a">wp20201207</subfield>
    <subfield code="b">jave</subfield>
  </datafield>
</record>