

<record>
  <leader>     nz  a22     n  4500</leader>
  <controlfield tag="001">xx0254906</controlfield>
  <controlfield tag="003">CZ PrNK</controlfield>
  <controlfield tag="005">20201209054528.0</controlfield>
  <controlfield tag="008">201207|n|aznnnaabn           n a|a      </controlfield>
  <datafield tag="040" ind1=" " ind2=" ">
    <subfield code="a">ABA008</subfield>
    <subfield code="b">cze</subfield>
    <subfield code="d">ABA001</subfield>
    <subfield code="e">rda</subfield>
  </datafield>
  <datafield tag="046" ind1=" " ind2=" ">
    <subfield code="f">1889</subfield>
    <subfield code="g">1959</subfield>
  </datafield>
  <datafield tag="100" ind1="1" ind2=" ">
    <subfield code="a">Matějka, Josef,</subfield>
    <subfield code="d">1889-1959</subfield>
    <subfield code="7">xx0254906</subfield>
  </datafield>
  <datafield tag="368" ind1=" " ind2=" ">
    <subfield code="d">MUDr.</subfield>
    <subfield code="s">1913</subfield>
  </datafield>
  <datafield tag="370" ind1=" " ind2=" ">
    <subfield code="a">Hradec Králové, Česko</subfield>
    <subfield code="b">Praha, Česko</subfield>
    <subfield code="c">Česko</subfield>
  </datafield>
  <datafield tag="372" ind1=" " ind2=" ">
    <subfield code="a">lékařství</subfield>
    <subfield code="a">praktické lékařství</subfield>
    <subfield code="a">hygiena</subfield>
    <subfield code="a">epidemiologie</subfield>
  </datafield>
  <datafield tag="374" ind1=" " ind2=" ">
    <subfield code="a">lékaři</subfield>
    <subfield code="a">praktičtí lékaři</subfield>
    <subfield code="a">hygienici</subfield>
    <subfield code="a">epidemiologové</subfield>
  </datafield>
  <datafield tag="375" ind1=" " ind2=" ">
    <subfield code="a">muž</subfield>
  </datafield>
  <datafield tag="377" ind1=" " ind2=" ">
    <subfield code="a">cze</subfield>
  </datafield>
  <datafield tag="670" ind1=" " ind2=" ">
    <subfield code="a">Matějka, Josef: O alkaptonurii. Časopis lékařů českých, 1913, roč. 52, č. 47, s. 1497-1504.</subfield>
    <subfield code="b">autoritní forma</subfield>
  </datafield>
  <datafield tag="670" ind1=" " ind2=" ">
    <subfield code="a">Biografický slovník pražské lékařské fakulty, Díl II., Praha, 1993, s. 165.</subfield>
    <subfield code="b">přesné datum a místo narození a úmrtí, biografické údaje, profesní data</subfield>
  </datafield>
  <datafield tag="678" ind1="0" ind2=" ">
    <subfield code="a">Narozen 5. 7. 1889 v Hradci Králové, zemřel 8. 8. 1959 v Praze. MUDr., praktický lékař; jakožto zdravotní rada se věnoval také hygieně a epidemiologii.</subfield>
  </datafield>
  <datafield tag="906" ind1=" " ind2=" ">
    <subfield code="a">za20201207</subfield>
    <subfield code="b">xlufr</subfield>
  </datafield>
  <datafield tag="906" ind1=" " ind2=" ">
    <subfield code="a">fr20201209</subfield>
    <subfield code="b">lisi</subfield>
  </datafield>
</record>