

<record>
  <leader>     nz  a22     n  4500</leader>
  <controlfield tag="001">kon20201095750</controlfield>
  <controlfield tag="003">CZ PrNK</controlfield>
  <controlfield tag="005">20201207142557.0</controlfield>
  <controlfield tag="008">201207|n|aznnnaabn           n a|a      </controlfield>
  <datafield tag="040" ind1=" " ind2=" ">
    <subfield code="a">ABA001</subfield>
    <subfield code="b">cze</subfield>
    <subfield code="e">rda</subfield>
  </datafield>
  <datafield tag="110" ind1="2" ind2=" ">
    <subfield code="a">Společenstvo krejčí malostranských, Královských Hradčan, Holešovic a Buben v Praze.</subfield>
    <subfield code="t">Výroční zpráva (Společenstvo krejčí malostranských, Královských Hradčan, Holešovic a Buben v Praze)</subfield>
    <subfield code="7">kon20201095750</subfield>
  </datafield>
  <datafield tag="410" ind1="2" ind2=" ">
    <subfield code="a">Společenstvo krejčí malostranských, Královských Hradčan, Holešovic a Buben v Praze.</subfield>
    <subfield code="t">Výroční zpráva Společenstva krejčí Malostranských, Král. Hradčan, Holešovic a Buben v Praze</subfield>
    <subfield code="0">o</subfield>
  </datafield>
  <datafield tag="670" ind1=" " ind2=" ">
    <subfield code="a">Výroční zpráva Společenstva krejčí Malostranských, Král. Hradčan, Holešovic a Buben v Praze. V Praze : nákladem společenstva, [1881?-1911]</subfield>
  </datafield>
  <datafield tag="906" ind1=" " ind2=" ">
    <subfield code="a">br20201207</subfield>
    <subfield code="b">juri</subfield>
  </datafield>
  <datafield tag="906" ind1=" " ind2=" ">
    <subfield code="a">ks20201207</subfield>
    <subfield code="b">juri</subfield>
  </datafield>
</record>