

<record>
  <leader>     nz  a22     n  4500</leader>
  <controlfield tag="001">jo20201095754</controlfield>
  <controlfield tag="003">CZ PrNK</controlfield>
  <controlfield tag="005">20201207160557.0</controlfield>
  <controlfield tag="008">201207|n|aznnnaabn           n a|a      </controlfield>
  <datafield tag="040" ind1=" " ind2=" ">
    <subfield code="a">ABA001</subfield>
    <subfield code="b">cze</subfield>
    <subfield code="e">rda</subfield>
  </datafield>
  <datafield tag="046" ind1=" " ind2=" ">
    <subfield code="f">1982</subfield>
  </datafield>
  <datafield tag="100" ind1="1" ind2=" ">
    <subfield code="a">Caban, Jozef,</subfield>
    <subfield code="d">1982-</subfield>
    <subfield code="7">jo20201095754</subfield>
  </datafield>
  <datafield tag="370" ind1=" " ind2=" ">
    <subfield code="c">Slovensko</subfield>
    <subfield code="c">Česko</subfield>
  </datafield>
  <datafield tag="372" ind1=" " ind2=" ">
    <subfield code="a">nakladatelství a vydavatelství</subfield>
    <subfield code="a">vydavatelská činnost</subfield>
    <subfield code="a">projektový management</subfield>
  </datafield>
  <datafield tag="374" ind1=" " ind2=" ">
    <subfield code="a">manažeři</subfield>
  </datafield>
  <datafield tag="375" ind1=" " ind2=" ">
    <subfield code="a">muž</subfield>
  </datafield>
  <datafield tag="670" ind1=" " ind2=" ">
    <subfield code="a">PAPRČKA, Milan a CABAN, Jozef et al. Slezské hrady a zámky z nebe = Silesian Castles and Châteaux from heaven = Śląskie zamki i pałace z nieba. Zlín: Creative Business Studio, 2020</subfield>
    <subfield code="b">autoritní forma, rok narození</subfield>
  </datafield>
  <datafield tag="670" ind1=" " ind2=" ">
    <subfield code="a">www(CBS Creative Business Studio), cit. 7. 12. 2020</subfield>
    <subfield code="b">biografické údaje</subfield>
  </datafield>
  <datafield tag="675" ind1=" " ind2=" ">
    <subfield code="a">SNK, cit. 7. 12. 2020;</subfield>
    <subfield code="a">SKK SR, cit. 7. 12. 2020</subfield>
  </datafield>
  <datafield tag="678" ind1="0" ind2=" ">
    <subfield code="a">Slovenský regionální projektový manažer nakladatelství CBS.</subfield>
  </datafield>
  <datafield tag="906" ind1=" " ind2=" ">
    <subfield code="a">br20201207</subfield>
    <subfield code="b">beba</subfield>
  </datafield>
</record>