

<record>
  <leader>     cz  a22     n  4500</leader>
  <controlfield tag="001">xx0254907</controlfield>
  <controlfield tag="003">CZ PrNK</controlfield>
  <controlfield tag="005">20201207195534.0</controlfield>
  <controlfield tag="008">201207|n|aznnnaabn           n a|a      </controlfield>
  <datafield tag="040" ind1=" " ind2=" ">
    <subfield code="a">ABG001</subfield>
    <subfield code="b">cze</subfield>
    <subfield code="d">ABA001</subfield>
    <subfield code="e">rda</subfield>
  </datafield>
  <datafield tag="046" ind1=" " ind2=" ">
    <subfield code="f">1987</subfield>
  </datafield>
  <datafield tag="100" ind1="1" ind2=" ">
    <subfield code="a">An, Elen,</subfield>
    <subfield code="d">1987-</subfield>
    <subfield code="7">xx0254907</subfield>
  </datafield>
  <datafield tag="370" ind1=" " ind2=" ">
    <subfield code="a">Plzeň, Česko</subfield>
    <subfield code="c">Česko</subfield>
    <subfield code="f">Plzeň, Česko</subfield>
  </datafield>
  <datafield tag="372" ind1=" " ind2=" ">
    <subfield code="a">literatura</subfield>
    <subfield code="a">literární činnost</subfield>
    <subfield code="a">literatura pro mládež</subfield>
    <subfield code="a">management</subfield>
    <subfield code="a">projektový management</subfield>
  </datafield>
  <datafield tag="374" ind1=" " ind2=" ">
    <subfield code="a">manažerky</subfield>
  </datafield>
  <datafield tag="375" ind1=" " ind2=" ">
    <subfield code="a">žena</subfield>
  </datafield>
  <datafield tag="377" ind1=" " ind2=" ">
    <subfield code="a">cze</subfield>
  </datafield>
  <datafield tag="400" ind1="0" ind2=" ">
    <subfield code="a">Elen An,</subfield>
    <subfield code="d">1987-</subfield>
    <subfield code="0">o</subfield>
  </datafield>
  <datafield tag="400" ind1="0" ind2=" ">
    <subfield code="a">An Elen,</subfield>
    <subfield code="d">1987-</subfield>
    <subfield code="0">o</subfield>
  </datafield>
  <datafield tag="400" ind1="1" ind2=" ">
    <subfield code="a">Elen, An,</subfield>
    <subfield code="d">1987-</subfield>
    <subfield code="0">o</subfield>
  </datafield>
  <datafield tag="500" ind1="1" ind2=" ">
    <subfield code="w">r</subfield>
    <subfield code="i">Skutečné jméno:</subfield>
    <subfield code="a">Vostracká, Tereza,</subfield>
    <subfield code="d">1987-</subfield>
    <subfield code="7">xx0010184</subfield>
  </datafield>
  <datafield tag="670" ind1=" " ind2=" ">
    <subfield code="a">An, Elen: Ustláno na betonu, 2020</subfield>
    <subfield code="b">autoritní forma, biografické údaje</subfield>
  </datafield>
  <datafield tag="670" ind1=" " ind2=" ">
    <subfield code="a">www(Tereza Vostracká - abart), cit. 7. 12. 2020</subfield>
    <subfield code="b">biografické údaje</subfield>
  </datafield>
  <datafield tag="670" ind1=" " ind2=" ">
    <subfield code="a">www(Tereza Vostracka. In: LinkedIn.com), cit. 7. 12. 2020</subfield>
    <subfield code="b">biografické údaje</subfield>
  </datafield>
  <datafield tag="670" ind1=" " ind2=" ">
    <subfield code="a">www(Kosmas), cit. 7. 12. 2020</subfield>
    <subfield code="b">odkazy viz 2, 3</subfield>
  </datafield>
  <datafield tag="670" ind1=" " ind2=" ">
    <subfield code="a">www(ČBDb), cit. 7. 12. 2020</subfield>
    <subfield code="b">odkaz viz 1</subfield>
  </datafield>
  <datafield tag="670" ind1=" " ind2=" ">
    <subfield code="a">www(Vostracká, Tereza: Vteřina. In: Plž 10. Roč. 7, 2008, č. 10, s. 18), cit. 7. 12. 2020</subfield>
    <subfield code="b">odkaz viz též, biografické údaje</subfield>
  </datafield>
  <datafield tag="670" ind1=" " ind2=" ">
    <subfield code="a">www(Státní pozemkový úřad - Komplexní pozemkové úpravy v katastrálním území Luhy u Prosenické Lhoty), cit. 7. 12. 2020</subfield>
    <subfield code="b">datum narození</subfield>
  </datafield>
  <datafield tag="678" ind1="0" ind2=" ">
    <subfield code="a">Narozena 1. 5. 1987 v Plzni. Manažerka, projektová manažerka, autorka povídky a mystery románu pro mládež.</subfield>
  </datafield>
  <datafield tag="906" ind1=" " ind2=" ">
    <subfield code="a">za20201207</subfield>
    <subfield code="b">xjiva</subfield>
  </datafield>
  <datafield tag="906" ind1=" " ind2=" ">
    <subfield code="a">op20201207</subfield>
    <subfield code="b">kurd</subfield>
    <subfield code="c">372a - další výskyty; Odkaz viz - další výskyty, změna podpole i, zrušeno; Odkaz viz též - nově; 670 - další výskyty, zrušeno; 678 - doplnění, věcná oprava</subfield>
  </datafield>
</record>