

<record>
  <leader>     cz  a22     n  4500</leader>
  <controlfield tag="001">js20201095763</controlfield>
  <controlfield tag="003">CZ PrNK</controlfield>
  <controlfield tag="005">20201208115239.0</controlfield>
  <controlfield tag="008">201207|n|aznnnaabn           n a|a      </controlfield>
  <datafield tag="040" ind1=" " ind2=" ">
    <subfield code="a">ABA004</subfield>
    <subfield code="b">cze</subfield>
    <subfield code="d">ABA001</subfield>
    <subfield code="e">rda</subfield>
  </datafield>
  <datafield tag="046" ind1=" " ind2=" ">
    <subfield code="f">1850</subfield>
    <subfield code="g">1914</subfield>
  </datafield>
  <datafield tag="100" ind1="1" ind2=" ">
    <subfield code="a">Đaja, Božo,</subfield>
    <subfield code="d">1850-1914</subfield>
    <subfield code="7">js20201095763</subfield>
  </datafield>
  <datafield tag="370" ind1=" " ind2=" ">
    <subfield code="c">Chorvatsko</subfield>
    <subfield code="c">Srbsko</subfield>
    <subfield code="c">Rakousko</subfield>
  </datafield>
  <datafield tag="372" ind1=" " ind2=" ">
    <subfield code="a">námořní doprava</subfield>
    <subfield code="a">literární tvorba</subfield>
  </datafield>
  <datafield tag="374" ind1=" " ind2=" ">
    <subfield code="a">námořníci</subfield>
    <subfield code="a">spisovatelé</subfield>
  </datafield>
  <datafield tag="375" ind1=" " ind2=" ">
    <subfield code="a">muž</subfield>
  </datafield>
  <datafield tag="377" ind1=" " ind2=" ">
    <subfield code="a">srp</subfield>
    <subfield code="a">hrv</subfield>
  </datafield>
  <datafield tag="400" ind1="1" ind2=" ">
    <subfield code="a">Đaja, Božidar,</subfield>
    <subfield code="d">1850-1914</subfield>
    <subfield code="0">o</subfield>
  </datafield>
  <datafield tag="400" ind1="1" ind2=" ">
    <subfield code="a">Gjaja, Božidar Dorotheo,</subfield>
    <subfield code="d">1850-1914</subfield>
    <subfield code="0">o</subfield>
  </datafield>
  <datafield tag="500" ind1="1" ind2=" ">
    <subfield code="w">r</subfield>
    <subfield code="i">Pseudonym:</subfield>
    <subfield code="a">Pomorac, B. Đ.,</subfield>
    <subfield code="d">1850-1914</subfield>
    <subfield code="7">js20201095762</subfield>
  </datafield>
  <datafield tag="670" ind1=" " ind2=" ">
    <subfield code="a">www(Nacionalna i sveučilišna knjižnica u Zagrebu), cit. 7. 12. 2020</subfield>
    <subfield code="b">autoritní forma, odkaz viz, datum narození a úmrtí, biografické údaje</subfield>
  </datafield>
  <datafield tag="670" ind1=" " ind2=" ">
    <subfield code="a">COBISS.SR, cit. 7. 12. 2020</subfield>
    <subfield code="b">autoritní forma, odkaz viz též</subfield>
  </datafield>
  <datafield tag="670" ind1=" " ind2=" ">
    <subfield code="a">www(Vikipedija, slobodna enciklopedija), cit. 7. 12. 2020</subfield>
    <subfield code="b">biografické údaje</subfield>
    <subfield code="u">https://sr.wikipedia.org/sr-el/Божидар_Ђаја</subfield>
  </datafield>
  <datafield tag="678" ind1="0" ind2=" ">
    <subfield code="a">Chorvatský a srbský námořní kapitán a spisovatel, autor děl s námořní tematikou.</subfield>
  </datafield>
  <datafield tag="906" ind1=" " ind2=" ">
    <subfield code="a">za20201207</subfield>
    <subfield code="b">tapo</subfield>
  </datafield>
  <datafield tag="906" ind1=" " ind2=" ">
    <subfield code="a">op20201208</subfield>
    <subfield code="b">tone</subfield>
    <subfield code="c">Viz též - formální oprava</subfield>
  </datafield>
</record>