

<record>
  <leader>     cz  a22     n  4500</leader>
  <controlfield tag="001">xx0254922</controlfield>
  <controlfield tag="003">CZ PrNK</controlfield>
  <controlfield tag="005">20201208180642.0</controlfield>
  <controlfield tag="008">201207|n|aznnnaabn           n a|a      </controlfield>
  <datafield tag="024" ind1="7" ind2=" ">
    <subfield code="a">000000000189123X</subfield>
    <subfield code="2">isni</subfield>
  </datafield>
  <datafield tag="024" ind1="7" ind2=" ">
    <subfield code="a">Q55622372</subfield>
    <subfield code="2">wikidata</subfield>
  </datafield>
  <datafield tag="040" ind1=" " ind2=" ">
    <subfield code="a">OLD012</subfield>
    <subfield code="b">cze</subfield>
    <subfield code="d">ABA001</subfield>
    <subfield code="e">rda</subfield>
  </datafield>
  <datafield tag="100" ind1="1" ind2=" ">
    <subfield code="a">Ollé, Marie-Louise</subfield>
    <subfield code="7">xx0254922</subfield>
  </datafield>
  <datafield tag="MOR" ind1="0" ind2=" ">
    <subfield code="a">Olle, Marie-Louise</subfield>
    <subfield code="7">xx0254922</subfield>
  </datafield>
  <datafield tag="370" ind1=" " ind2=" ">
    <subfield code="c">Francie</subfield>
  </datafield>
  <datafield tag="372" ind1=" " ind2=" ">
    <subfield code="a">španělština</subfield>
    <subfield code="a">hispanistika</subfield>
    <subfield code="a">hispanoamerické literatury</subfield>
    <subfield code="a">moc</subfield>
    <subfield code="a">identita</subfield>
  </datafield>
  <datafield tag="374" ind1=" " ind2=" ">
    <subfield code="a">hispanistky</subfield>
    <subfield code="a">vysokoškolské učitelky</subfield>
  </datafield>
  <datafield tag="375" ind1=" " ind2=" ">
    <subfield code="a">žena</subfield>
  </datafield>
  <datafield tag="377" ind1=" " ind2=" ">
    <subfield code="a">fre</subfield>
    <subfield code="a">spa</subfield>
  </datafield>
  <datafield tag="670" ind1=" " ind2=" ">
    <subfield code="a">Clément, Jean-Pierre - Gilard, Jacques - Ollé, Marie-Louise: Un siècle de / Un siglo de Miguel Ángel Asturia 1899-1999: Actes du Colloque international organisé par l'Université de Toulouse-Le Mirail (GRAL-UMR 5595, et IPEALT) et l'Université de Poitiers (CRLA/Archivos-URA 2007) du 4 au 7 mai 1999, 2001</subfield>
  </datafield>
  <datafield tag="670" ind1=" " ind2=" ">
    <subfield code="a">BNF, cit. 1. 12. 2020</subfield>
    <subfield code="b">autoritní forma, biografické údaje</subfield>
  </datafield>
  <datafield tag="670" ind1=" " ind2=" ">
    <subfield code="a">www(Canal-u), cit. 1. 12. 2020</subfield>
    <subfield code="b">biografické údaje</subfield>
  </datafield>
  <datafield tag="678" ind1="0" ind2=" ">
    <subfield code="a">Francouzská hispanistka a vysokoškolská pedagožka zaměřená na středoamerickou literaturu, domorodé výrazy a na otázky moci a identity.</subfield>
  </datafield>
  <datafield tag="906" ind1=" " ind2=" ">
    <subfield code="a">za20201207</subfield>
    <subfield code="b">xletr</subfield>
  </datafield>
  <datafield tag="906" ind1=" " ind2=" ">
    <subfield code="a">oz20201208</subfield>
    <subfield code="b">beba</subfield>
    <subfield code="c">Záhlaví formální oprava jména; 372a další výskyt; 670a formální oprava</subfield>
  </datafield>
</record>