

<record>
  <leader>     cz  a22     n  4500</leader>
  <controlfield tag="001">xx0254927</controlfield>
  <controlfield tag="003">CZ PrNK</controlfield>
  <controlfield tag="005">20201208192306.0</controlfield>
  <controlfield tag="008">201207|n|aznnnaabn           n a|a      </controlfield>
  <datafield tag="024" ind1="7" ind2=" ">
    <subfield code="a">0000000037490526</subfield>
    <subfield code="2">isni</subfield>
  </datafield>
  <datafield tag="040" ind1=" " ind2=" ">
    <subfield code="a">OLD012</subfield>
    <subfield code="b">cze</subfield>
    <subfield code="d">ABA001</subfield>
    <subfield code="e">rda</subfield>
  </datafield>
  <datafield tag="046" ind1=" " ind2=" ">
    <subfield code="f">1958</subfield>
  </datafield>
  <datafield tag="100" ind1="1" ind2=" ">
    <subfield code="a">Araszczuk, Stanisław,</subfield>
    <subfield code="d">1958-</subfield>
    <subfield code="7">xx0254927</subfield>
  </datafield>
  <datafield tag="370" ind1=" " ind2=" ">
    <subfield code="c">Polsko</subfield>
  </datafield>
  <datafield tag="372" ind1=" " ind2=" ">
    <subfield code="a">teologie</subfield>
    <subfield code="a">pastorální teologie</subfield>
    <subfield code="a">liturgika</subfield>
    <subfield code="a">církevní dějiny</subfield>
  </datafield>
  <datafield tag="374" ind1=" " ind2=" ">
    <subfield code="a">kněží</subfield>
    <subfield code="a">teologové</subfield>
    <subfield code="a">vysokoškolští učitelé</subfield>
  </datafield>
  <datafield tag="375" ind1=" " ind2=" ">
    <subfield code="a">muž</subfield>
  </datafield>
  <datafield tag="377" ind1=" " ind2=" ">
    <subfield code="a">pol</subfield>
  </datafield>
  <datafield tag="400" ind1="1" ind2=" ">
    <subfield code="a">Araszczuk, S.,</subfield>
    <subfield code="d">1958-</subfield>
    <subfield code="0">o</subfield>
  </datafield>
  <datafield tag="670" ind1=" " ind2=" ">
    <subfield code="a">Araszczuk, Stanisław (ed): Blaski i cienie reformy liturgicznej: 50 lat soborowej Konstytucji o liturgii świętej Sacrosanctum Concilium, 2014</subfield>
  </datafield>
  <datafield tag="670" ind1=" " ind2=" ">
    <subfield code="a">NUKAT, cit. 1. 12. 2020</subfield>
    <subfield code="b">autoritní forma, datum narození, odkaz viz, biografické údaje</subfield>
  </datafield>
  <datafield tag="670" ind1=" " ind2=" ">
    <subfield code="a">www(Wikipedia, wolna encyklopedia), cit. 1. 12. 2020</subfield>
    <subfield code="b">biografické údaje</subfield>
    <subfield code="u">https://pl.wikipedia.org/wiki/Stanisław_Araszczuk</subfield>
  </datafield>
  <datafield tag="678" ind1="0" ind2=" ">
    <subfield code="a">Polský kněz, teolog a vysokoškolský pedagog.</subfield>
  </datafield>
  <datafield tag="906" ind1=" " ind2=" ">
    <subfield code="a">za20201207</subfield>
    <subfield code="b">xletr</subfield>
  </datafield>
  <datafield tag="906" ind1=" " ind2=" ">
    <subfield code="a">op20201208</subfield>
    <subfield code="b">beba</subfield>
    <subfield code="c">372a další výskyt</subfield>
  </datafield>
</record>