

<record>
  <leader>     nz  a22     n  4500</leader>
  <datafield tag="900" ind1=" " ind2=" ">
    <subfield code="a">J-NÁVRH</subfield>
  </datafield>
  <controlfield tag="001">xx0254965</controlfield>
  <controlfield tag="003">CZ PrNK</controlfield>
  <controlfield tag="005">20201207212305.5</controlfield>
  <controlfield tag="008">201207|n|aznnnaabn           n a|a      </controlfield>
  <datafield tag="024" ind1="7" ind2=" ">
    <subfield code="a">0000000366979373</subfield>
    <subfield code="2">isni</subfield>
  </datafield>
  <datafield tag="040" ind1=" " ind2=" ">
    <subfield code="a">OLD012</subfield>
    <subfield code="b">cze</subfield>
    <subfield code="e">rda</subfield>
  </datafield>
  <datafield tag="100" ind1="1" ind2=" ">
    <subfield code="a">Alinat, Gui</subfield>
    <subfield code="7">xx0254965</subfield>
  </datafield>
  <datafield tag="370" ind1=" " ind2=" ">
    <subfield code="c">Francie</subfield>
    <subfield code="c">Spojené státy americké</subfield>
  </datafield>
  <datafield tag="372" ind1=" " ind2=" ">
    <subfield code="a">gastronomie</subfield>
    <subfield code="a">kuchařství</subfield>
    <subfield code="a">fotografování</subfield>
    <subfield code="a">překlady z francouzštiny</subfield>
    <subfield code="a">překlady do francouzštiny</subfield>
    <subfield code="a">překlady z angličtiny</subfield>
    <subfield code="a">překlady do angličtiny</subfield>
    <subfield code="a">překlady ze španělštiny</subfield>
    <subfield code="a">překlady do španělštiny</subfield>
  </datafield>
  <datafield tag="374" ind1=" " ind2=" ">
    <subfield code="a">šéfkuchaři</subfield>
    <subfield code="a">fotografové</subfield>
    <subfield code="a">překladatelé</subfield>
  </datafield>
  <datafield tag="375" ind1=" " ind2=" ">
    <subfield code="a">muž</subfield>
  </datafield>
  <datafield tag="377" ind1=" " ind2=" ">
    <subfield code="a">fre</subfield>
    <subfield code="a">eng</subfield>
  </datafield>
  <datafield tag="670" ind1=" " ind2=" ">
    <subfield code="a">Cazor, Anne - Liénard, Christine: Molecular cuisine: twenty techniques, forty recipes (translation by Gui Alinat), 2012</subfield>
  </datafield>
  <datafield tag="670" ind1=" " ind2=" ">
    <subfield code="a">LC (Names), cit. 3. 12. 2020</subfield>
    <subfield code="b">autoritní forma, biografické údaje</subfield>
  </datafield>
  <datafield tag="670" ind1=" " ind2=" ">
    <subfield code="a">www(osobní stránka), cit. 3. 12. 2020</subfield>
    <subfield code="b">biografické údaje</subfield>
    <subfield code="u">http://www.chefgui.com/</subfield>
  </datafield>
  <datafield tag="678" ind1="0" ind2=" ">
    <subfield code="a">Francouzský šéfkuchař a expert, fotograf a překladatel francouzštiny, španělštiny a angličtiny z oblasti gastronomie, působící ve Spojených státech amerických.</subfield>
  </datafield>
  <datafield tag="906" ind1=" " ind2=" ">
    <subfield code="a">za20201207</subfield>
    <subfield code="b">xletr</subfield>
  </datafield>
</record>