

<record>
  <leader>     nz  a22     n  4500</leader>
  <controlfield tag="001">aun20201095863</controlfield>
  <controlfield tag="003">CZ PrNK</controlfield>
  <controlfield tag="005">20201208075651.0</controlfield>
  <controlfield tag="008">201208|n|aznnnaabn           n a|a      </controlfield>
  <datafield tag="040" ind1=" " ind2=" ">
    <subfield code="a">ABA001</subfield>
    <subfield code="b">cze</subfield>
    <subfield code="e">rda</subfield>
  </datafield>
  <datafield tag="100" ind1="0" ind2=" ">
    <subfield code="a">Abhinavagupta,</subfield>
    <subfield code="d">asi 950-asi 1020.</subfield>
    <subfield code="t">Paramārthasāra.</subfield>
    <subfield code="l">Česky</subfield>
    <subfield code="7">aun20201095863</subfield>
  </datafield>
  <datafield tag="400" ind1="0" ind2=" ">
    <subfield code="a">Abhinavagupta,</subfield>
    <subfield code="d">asi 950-asi 1020.</subfield>
    <subfield code="t">Paramárthasára</subfield>
    <subfield code="0">o</subfield>
  </datafield>
  <datafield tag="670" ind1=" " ind2=" ">
    <subfield code="a">LC (Names), cit. 08. 12. 2020</subfield>
  </datafield>
  <datafield tag="670" ind1=" " ind2=" ">
    <subfield code="a">www(Wikipedia, the free encyclopedia), cit. 08. 12. 2020</subfield>
  </datafield>
  <datafield tag="670" ind1=" " ind2=" ">
    <subfield code="a">Abhinavagupta ; do jazyka českého podle svých možností a schopností převedl, vlastními vysvětlivkami opatřil a úvod napsal Usrhs-pha: Paramárthasára. [Plzeň] : Šivašakti, ©1998</subfield>
  </datafield>
  <datafield tag="678" ind1=" " ind2=" ">
    <subfield code="a">Jeden ze základních textů kašmírského tantrického buddhismu.</subfield>
  </datafield>
  <datafield tag="856" ind1="4" ind2="2">
    <subfield code="u">https://www.britannica.com/topic/Kashmiri-Shaivism</subfield>
    <subfield code="4">N</subfield>
  </datafield>
  <datafield tag="906" ind1=" " ind2=" ">
    <subfield code="a">br20201208</subfield>
    <subfield code="b">blau</subfield>
  </datafield>
  <datafield tag="906" ind1=" " ind2=" ">
    <subfield code="a">ks20201208</subfield>
    <subfield code="b">blau</subfield>
  </datafield>
</record>