

<record>
  <leader>     nz  a22     n  4500</leader>
  <controlfield tag="001">kon20201095872</controlfield>
  <controlfield tag="003">CZ PrNK</controlfield>
  <controlfield tag="005">20201208083126.0</controlfield>
  <controlfield tag="008">201208|n|aznnnaabn           n a|a      </controlfield>
  <datafield tag="040" ind1=" " ind2=" ">
    <subfield code="a">ABA001</subfield>
    <subfield code="b">cze</subfield>
    <subfield code="e">rda</subfield>
  </datafield>
  <datafield tag="110" ind1="2" ind2=" ">
    <subfield code="a">Český pomocný zemský spolek pro nemocné plicními chorobami.</subfield>
    <subfield code="t">Výroční zpráva (Český pomocný zemský spolek pro nemocné plicními chorobami)</subfield>
    <subfield code="7">kon20201095872</subfield>
  </datafield>
  <datafield tag="410" ind1="2" ind2=" ">
    <subfield code="a">Český pomocný zemský spolek pro nemocné plicními chorobami.</subfield>
    <subfield code="t">Výroční zpráva Českého pomocného zemského spolku pro nemocné plicními chorobami v Čechách</subfield>
    <subfield code="0">o</subfield>
  </datafield>
  <datafield tag="670" ind1=" " ind2=" ">
    <subfield code="a">Výroční zpráva Českého pomocného zemského spolku pro nemocné plicními chorobami v Čechách. V Praze : [nakladatel není známý], [1914-1949?]</subfield>
  </datafield>
  <datafield tag="906" ind1=" " ind2=" ">
    <subfield code="a">br20201208</subfield>
    <subfield code="b">juri</subfield>
  </datafield>
  <datafield tag="906" ind1=" " ind2=" ">
    <subfield code="a">ks20201208</subfield>
    <subfield code="b">juri</subfield>
  </datafield>
</record>