

<record>
  <leader>     nz  a22     n  4500</leader>
  <controlfield tag="001">xx0254974</controlfield>
  <controlfield tag="003">CZ PrNK</controlfield>
  <controlfield tag="005">20201210072720.0</controlfield>
  <controlfield tag="008">201208|n|aznnnaabn           n a|a      </controlfield>
  <datafield tag="040" ind1=" " ind2=" ">
    <subfield code="a">ABA008</subfield>
    <subfield code="b">cze</subfield>
    <subfield code="d">ABA001</subfield>
    <subfield code="e">rda</subfield>
  </datafield>
  <datafield tag="046" ind1=" " ind2=" ">
    <subfield code="f">1945</subfield>
  </datafield>
  <datafield tag="100" ind1="1" ind2=" ">
    <subfield code="a">Delfieu, Dominique,</subfield>
    <subfield code="d">1945-</subfield>
    <subfield code="7">xx0254974</subfield>
  </datafield>
  <datafield tag="368" ind1=" " ind2=" ">
    <subfield code="d">Docteur en médecine</subfield>
  </datafield>
  <datafield tag="370" ind1=" " ind2=" ">
    <subfield code="c">Francie</subfield>
  </datafield>
  <datafield tag="372" ind1=" " ind2=" ">
    <subfield code="a">lékařství</subfield>
    <subfield code="a">praktické lékařství</subfield>
    <subfield code="a">onkologie</subfield>
  </datafield>
  <datafield tag="374" ind1=" " ind2=" ">
    <subfield code="a">lékaři</subfield>
    <subfield code="a">praktičtí lékaři</subfield>
    <subfield code="a">onkologové</subfield>
  </datafield>
  <datafield tag="375" ind1=" " ind2=" ">
    <subfield code="a">muž</subfield>
  </datafield>
  <datafield tag="377" ind1=" " ind2=" ">
    <subfield code="a">fre</subfield>
  </datafield>
  <datafield tag="670" ind1=" " ind2=" ">
    <subfield code="a">Pokročilý karcinom prsu / autor Dominique Delfieu, Praha, [mezi 2013 a 2019?]</subfield>
  </datafield>
  <datafield tag="670" ind1=" " ind2=" ">
    <subfield code="a">BNF, cit. 8. 12. 2020</subfield>
    <subfield code="b">autoritní forma, rok narození, profesní data, pole 370, 375, 377</subfield>
  </datafield>
  <datafield tag="670" ind1=" " ind2=" ">
    <subfield code="a">www(Doctolib.fr), cit. 8. 12. 2020</subfield>
    <subfield code="b">další obor medicíny</subfield>
  </datafield>
  <datafield tag="678" ind1="0" ind2=" ">
    <subfield code="a">Lékař, praktický lékař; též onkolog.</subfield>
  </datafield>
  <datafield tag="906" ind1=" " ind2=" ">
    <subfield code="a">za20201208</subfield>
    <subfield code="b">xlufr</subfield>
  </datafield>
  <datafield tag="906" ind1=" " ind2=" ">
    <subfield code="a">vr20201210</subfield>
    <subfield code="b">lisi</subfield>
  </datafield>
</record>