

<record>
  <leader>     nz  a22     n  4500</leader>
  <controlfield tag="001">ko20201095886</controlfield>
  <controlfield tag="003">CZ PrNK</controlfield>
  <controlfield tag="005">20201208115253.0</controlfield>
  <controlfield tag="008">201208|n|aznnnaabn           n a|a      </controlfield>
  <datafield tag="040" ind1=" " ind2=" ">
    <subfield code="a">ABA001</subfield>
    <subfield code="b">cze</subfield>
    <subfield code="d">ABA001</subfield>
    <subfield code="e">rda</subfield>
  </datafield>
  <datafield tag="111" ind1="2" ind2=" ">
    <subfield code="a">Aleksandr Solženicyn: vzgljad iz XXI veka (konference)</subfield>
    <subfield code="d">(2018 :</subfield>
    <subfield code="c">Moskva, Rusko)</subfield>
    <subfield code="7">ko20201095886</subfield>
  </datafield>
  <datafield tag="368" ind1=" " ind2=" ">
    <subfield code="a">konference</subfield>
  </datafield>
  <datafield tag="370" ind1=" " ind2=" ">
    <subfield code="c">Rusko, federace</subfield>
    <subfield code="e">Moskva, Rusko</subfield>
  </datafield>
  <datafield tag="372" ind1=" " ind2=" ">
    <subfield code="a">ruští spisovatelé</subfield>
    <subfield code="a">ruská literatura</subfield>
    <subfield code="a">literatura a politika</subfield>
    <subfield code="a">interpretace a přijetí literárního díla</subfield>
  </datafield>
  <datafield tag="377" ind1=" " ind2=" ">
    <subfield code="a">rus</subfield>
  </datafield>
  <datafield tag="670" ind1=" " ind2=" ">
    <subfield code="a">Aleksandr Solženicyn: vzgljad iz XXI veka : materialy meždunarodnoj naučnoj konferencii, posvjaščennoj 100-letiju so dnja roždenija, 2019</subfield>
  </datafield>
  <datafield tag="906" ind1=" " ind2=" ">
    <subfield code="a">za20201208</subfield>
    <subfield code="b">full</subfield>
  </datafield>
  <datafield tag="906" ind1=" " ind2=" ">
    <subfield code="a">vr20201208</subfield>
    <subfield code="b">svsv</subfield>
  </datafield>
</record>