

<record>
  <leader>     cz  a22     n  4500</leader>
  <controlfield tag="001">ko20201095890</controlfield>
  <controlfield tag="003">CZ PrNK</controlfield>
  <controlfield tag="005">20201210082651.0</controlfield>
  <controlfield tag="008">201208|n|aznnnaabn           n a|a      </controlfield>
  <datafield tag="040" ind1=" " ind2=" ">
    <subfield code="a">ABA001</subfield>
    <subfield code="b">cze</subfield>
    <subfield code="d">ABA001</subfield>
    <subfield code="e">rda</subfield>
  </datafield>
  <datafield tag="110" ind1="2" ind2=" ">
    <subfield code="a">JUPSYCOR (projekt)</subfield>
    <subfield code="7">ko20201095890</subfield>
  </datafield>
  <datafield tag="368" ind1=" " ind2=" ">
    <subfield code="a">programy a projekty</subfield>
  </datafield>
  <datafield tag="370" ind1=" " ind2=" ">
    <subfield code="c">Česko</subfield>
  </datafield>
  <datafield tag="372" ind1=" " ind2=" ">
    <subfield code="a">Covid-19</subfield>
    <subfield code="a">psychologické aspekty</subfield>
  </datafield>
  <datafield tag="377" ind1=" " ind2=" ">
    <subfield code="a">cze</subfield>
  </datafield>
  <datafield tag="410" ind1="2" ind2=" ">
    <subfield code="a">Projekt JUPSYCOR</subfield>
    <subfield code="0">o</subfield>
  </datafield>
  <datafield tag="410" ind1="2" ind2=" ">
    <subfield code="a">JUPSYCOR: Psychologické souvislosti výskytu koronaviru v ČR (projekt)</subfield>
    <subfield code="0">o</subfield>
  </datafield>
  <datafield tag="670" ind1=" " ind2=" ">
    <subfield code="a">Kučera, Dalibor: Osobnostní markery v textu : aplikace kvantitativní psychologicko-lingvistické analýzy písemného projevu při popisu osobnosti = Personality marker in text : application of quantitative psychological-linguistic analysis of written text in personality description</subfield>
  </datafield>
  <datafield tag="670" ind1=" " ind2=" ">
    <subfield code="a">www(Sekce pedagogických a psychologických program - JUPSYCOR), cit. 10. 12. 2020</subfield>
    <subfield code="u">http://jupsycor.cz/</subfield>
  </datafield>
  <datafield tag="678" ind1=" " ind2=" ">
    <subfield code="a">Výzkum zaměřený na sběr anonymních informací o chování a prožívání lidí v mimořádné situaci šíření koronaviru v České republice.</subfield>
  </datafield>
  <datafield tag="906" ind1=" " ind2=" ">
    <subfield code="a">za20201208</subfield>
    <subfield code="b">hamo</subfield>
  </datafield>
  <datafield tag="906" ind1=" " ind2=" ">
    <subfield code="a">op20201210</subfield>
    <subfield code="b">svsv</subfield>
    <subfield code="c">Viz - další výskyt; Další info - nově; Související místo - nově; Oblast působení - nově; Jazyk - nově</subfield>
  </datafield>
</record>