

<record>
  <leader>     cz  a22     n  4500</leader>
  <controlfield tag="001">ko20201095893</controlfield>
  <controlfield tag="003">CZ PrNK</controlfield>
  <controlfield tag="005">20201209083530.0</controlfield>
  <controlfield tag="008">201208|n|aznnnaabn           n a|a      </controlfield>
  <datafield tag="040" ind1=" " ind2=" ">
    <subfield code="a">ABA001</subfield>
    <subfield code="b">cze</subfield>
    <subfield code="d">ABA001</subfield>
    <subfield code="e">rda</subfield>
  </datafield>
  <datafield tag="111" ind1="2" ind2=" ">
    <subfield code="a">Nové jevy v ekonomické kriminalitě (konference)</subfield>
    <subfield code="d">(2020 :</subfield>
    <subfield code="c">Brno, Česko)</subfield>
    <subfield code="7">ko20201095893</subfield>
  </datafield>
  <datafield tag="MOR" ind1="1" ind2=" ">
    <subfield code="a">Nové jevy v hospodářské kriminalitě</subfield>
    <subfield code="d">(2020 :</subfield>
    <subfield code="c">Brno, Česko)</subfield>
    <subfield code="7">ko20201095893</subfield>
  </datafield>
  <datafield tag="MOR" ind1="1" ind2=" ">
    <subfield code="a">Nové jevy v hospodářské kriminalitě (konference)</subfield>
    <subfield code="d">(2020 :</subfield>
    <subfield code="c">Brno, Česko)</subfield>
    <subfield code="7">ko20201095893</subfield>
  </datafield>
  <datafield tag="368" ind1=" " ind2=" ">
    <subfield code="a">konference</subfield>
    <subfield code="a">mezinárodní konference</subfield>
  </datafield>
  <datafield tag="370" ind1=" " ind2=" ">
    <subfield code="c">Česko</subfield>
    <subfield code="e">Brno, Česko</subfield>
  </datafield>
  <datafield tag="372" ind1=" " ind2=" ">
    <subfield code="a">ekonomická kriminalita</subfield>
  </datafield>
  <datafield tag="377" ind1=" " ind2=" ">
    <subfield code="a">cze</subfield>
  </datafield>
  <datafield tag="411" ind1="2" ind2=" ">
    <subfield code="a">Nové jevy v hospodářské kriminalitě (konference)</subfield>
    <subfield code="d">(2020 :</subfield>
    <subfield code="c">Brno, Česko)</subfield>
    <subfield code="0">o</subfield>
  </datafield>
  <datafield tag="670" ind1=" " ind2=" ">
    <subfield code="a">Nové jevy v ekonomické kriminalitě : sborník příspěvků z mezinárodní konference / Marek Fryšták, Eva Brucknerová (eds.)</subfield>
  </datafield>
  <datafield tag="906" ind1=" " ind2=" ">
    <subfield code="a">za20201208</subfield>
    <subfield code="b">albr</subfield>
  </datafield>
  <datafield tag="906" ind1=" " ind2=" ">
    <subfield code="a">oz20201208</subfield>
    <subfield code="b">svsv</subfield>
    <subfield code="c">Záhlaví - oprava; Další info - nově; Související místo - nově; Oblast působení - nově; Jazyk - nově</subfield>
  </datafield>
  <datafield tag="906" ind1=" " ind2=" ">
    <subfield code="a">oz20201209</subfield>
    <subfield code="b">svsv</subfield>
    <subfield code="c">Záhlaví - oprava; Viz - nově</subfield>
  </datafield>
</record>