

<record>
  <leader>     nz  a22     n  4500</leader>
  <controlfield tag="001">aun20201095897</controlfield>
  <controlfield tag="003">CZ PrNK</controlfield>
  <controlfield tag="005">20201208100721.0</controlfield>
  <controlfield tag="008">201208|n|aznnnaabn           n a|a      </controlfield>
  <datafield tag="040" ind1=" " ind2=" ">
    <subfield code="a">ABA001</subfield>
    <subfield code="b">cze</subfield>
    <subfield code="e">rda</subfield>
  </datafield>
  <datafield tag="100" ind1="1" ind2=" ">
    <subfield code="a">Heinlein, Robert A.</subfield>
    <subfield code="q">(Robert Anson),</subfield>
    <subfield code="d">1907-1988.</subfield>
    <subfield code="t">Methuselah's children.</subfield>
    <subfield code="l">Česky</subfield>
    <subfield code="7">aun20201095897</subfield>
  </datafield>
  <datafield tag="400" ind1="1" ind2=" ">
    <subfield code="a">Heinlein, Robert A.</subfield>
    <subfield code="q">(Robert Anson),</subfield>
    <subfield code="d">1907-1988.</subfield>
    <subfield code="t">Metuzalémovy děti</subfield>
    <subfield code="0">o</subfield>
  </datafield>
  <datafield tag="670" ind1=" " ind2=" ">
    <subfield code="a">LC (Names), cit. 08. 12. 2020</subfield>
  </datafield>
  <datafield tag="670" ind1=" " ind2=" ">
    <subfield code="a">www(Wikipedie, otevřená encyklopedie), cit. 08. 12. 2020</subfield>
  </datafield>
  <datafield tag="670" ind1=" " ind2=" ">
    <subfield code="a">Robert A. Heinlein: Metuzalémovy děti. [Praha] : And Classic, 1994</subfield>
  </datafield>
  <datafield tag="906" ind1=" " ind2=" ">
    <subfield code="a">br20201208</subfield>
    <subfield code="b">blau</subfield>
  </datafield>
  <datafield tag="906" ind1=" " ind2=" ">
    <subfield code="a">ks20201208</subfield>
    <subfield code="b">blau</subfield>
  </datafield>
</record>