

<record>
  <leader>     nz  a22     n  4500</leader>
  <datafield tag="900" ind1=" " ind2=" ">
    <subfield code="a">J-NÁVRH-STT</subfield>
  </datafield>
  <controlfield tag="001">ntk20201095906</controlfield>
  <controlfield tag="003">CZ PrNK</controlfield>
  <controlfield tag="005">20201208111911.0</controlfield>
  <controlfield tag="008">201208|n|aznnnaabn           n a|a      </controlfield>
  <datafield tag="024" ind1="7" ind2=" ">
    <subfield code="a">Q94893022</subfield>
    <subfield code="2">wikidata</subfield>
  </datafield>
  <datafield tag="040" ind1=" " ind2=" ">
    <subfield code="a">ABA013</subfield>
    <subfield code="b">cze</subfield>
    <subfield code="e">rda</subfield>
  </datafield>
  <datafield tag="046" ind1=" " ind2=" ">
    <subfield code="f">1655</subfield>
    <subfield code="g">1731</subfield>
  </datafield>
  <datafield tag="100" ind1="1" ind2=" ">
    <subfield code="a">Euler, Paul,</subfield>
    <subfield code="d">1655-1731</subfield>
    <subfield code="7">ntk20201095906</subfield>
  </datafield>
  <datafield tag="368" ind1=" " ind2=" ">
    <subfield code="d">Magister</subfield>
    <subfield code="s">1673</subfield>
  </datafield>
  <datafield tag="370" ind1=" " ind2=" ">
    <subfield code="a">Bad Münster am Stein-Ebernburg, Bad Kreuznach, Německo</subfield>
    <subfield code="b">Kusel, Německo</subfield>
    <subfield code="c">Německo</subfield>
    <subfield code="f">Kusel, Německo</subfield>
    <subfield code="f">Basilej, Švýcarsko</subfield>
  </datafield>
  <datafield tag="372" ind1=" " ind2=" ">
    <subfield code="a">teologie</subfield>
    <subfield code="a">homiletika</subfield>
    <subfield code="a">kázání</subfield>
    <subfield code="a">pohřební kázání</subfield>
    <subfield code="a">oslavné řeči</subfield>
  </datafield>
  <datafield tag="373" ind1=" " ind2=" ">
    <subfield code="a">Universität Basel</subfield>
    <subfield code="t">1673</subfield>
  </datafield>
  <datafield tag="374" ind1=" " ind2=" ">
    <subfield code="a">faráři</subfield>
    <subfield code="a">pastoři</subfield>
  </datafield>
  <datafield tag="375" ind1=" " ind2=" ">
    <subfield code="a">muž</subfield>
  </datafield>
  <datafield tag="377" ind1=" " ind2=" ">
    <subfield code="a">lat</subfield>
    <subfield code="a">ger</subfield>
  </datafield>
  <datafield tag="400" ind1="1" ind2=" ">
    <subfield code="a">Euler, Paulus,</subfield>
    <subfield code="d">1655-1731</subfield>
    <subfield code="0">o</subfield>
  </datafield>
  <datafield tag="667" ind1=" " ind2=" ">
    <subfield code="a">http://d-nb.info/gnd/1070770760.</subfield>
  </datafield>
  <datafield tag="667" ind1=" " ind2=" ">
    <subfield code="a">Wikidata uvádějí jako rok narození rok 1654.</subfield>
  </datafield>
  <datafield tag="670" ind1=" " ind2=" ">
    <subfield code="a">DOCTRINA TRIANGVLORVM, SIVE TRIGONOMETRIA, ... Beschrieben von Georg Friderich Meyer, Jng. Basell: In Verlegung, Hans Rudolph vnd Ludwig Königs, Buchführeren in Basell, 1678. [Gedichte]: M. Paulus Euler, SS. M. C.</subfield>
    <subfield code="b">odkaz viz</subfield>
    <subfield code="u">https://doi.org/10.3931/e-rara-2947</subfield>
  </datafield>
  <datafield tag="670" ind1=" " ind2=" ">
    <subfield code="a">DNB, cit. 8. 12. 2020</subfield>
    <subfield code="b">autoritní forma, odkaz viz, datum a místo narození a úmrtí, místa činnosti</subfield>
    <subfield code="u">http://d-nb.info/gnd/1070770760</subfield>
  </datafield>
  <datafield tag="678" ind1="0" ind2=" ">
    <subfield code="a">Německý farář. Magisterský titul získal na Basilejské univerzitě v r. 1673. V r. 1677 byl v Basileji vysvěcen. Působil jako farář postupně v Mimbachu (Blieskastel) (1682-1683), v Contwigu (1683-1691), v Pfeffelbachu (1691-1721) a v Baumholderu (1721-1722). V letech 1722-1731 byl zároveň asistentem kazatele v Ludweileru. V letech 1722-1731 byl farářem, inspektorem a poradcem Konzistoře v Kuselu.</subfield>
  </datafield>
  <datafield tag="906" ind1=" " ind2=" ">
    <subfield code="a">za20201208</subfield>
    <subfield code="b">evbr</subfield>
  </datafield>
  <datafield tag="906" ind1=" " ind2=" ">
    <subfield code="a">ko20201208</subfield>
    <subfield code="b">evbr</subfield>
  </datafield>
</record>