

<record>
  <leader>     nz  a22     n  4500</leader>
  <datafield tag="900" ind1=" " ind2=" ">
    <subfield code="a">J-NÁVRH-S</subfield>
  </datafield>
  <controlfield tag="001">js20201095926</controlfield>
  <controlfield tag="003">CZ PrNK</controlfield>
  <controlfield tag="005">20201208114824.0</controlfield>
  <controlfield tag="008">201208|n|aznnnaabn           n a|a      </controlfield>
  <datafield tag="040" ind1=" " ind2=" ">
    <subfield code="a">ABA004</subfield>
    <subfield code="b">cze</subfield>
    <subfield code="e">rda</subfield>
  </datafield>
  <datafield tag="046" ind1=" " ind2=" ">
    <subfield code="f">1961</subfield>
  </datafield>
  <datafield tag="100" ind1="1" ind2=" ">
    <subfield code="a">Petro, Ján,</subfield>
    <subfield code="d">1961-</subfield>
    <subfield code="7">js20201095926</subfield>
  </datafield>
  <datafield tag="370" ind1=" " ind2=" ">
    <subfield code="c">Slovensko</subfield>
  </datafield>
  <datafield tag="372" ind1=" " ind2=" ">
    <subfield code="a">populární hudba</subfield>
    <subfield code="a">hra na kytaru</subfield>
    <subfield code="a">písňové texty</subfield>
    <subfield code="a">literární činnost</subfield>
    <subfield code="a">poezie</subfield>
    <subfield code="a">žurnalistika</subfield>
  </datafield>
  <datafield tag="374" ind1=" " ind2=" ">
    <subfield code="a">hudebníci</subfield>
    <subfield code="a">kytaristé</subfield>
    <subfield code="a">textaři</subfield>
    <subfield code="a">básníci</subfield>
    <subfield code="a">spisovatelé</subfield>
    <subfield code="a">novináři</subfield>
  </datafield>
  <datafield tag="375" ind1=" " ind2=" ">
    <subfield code="a">muž</subfield>
  </datafield>
  <datafield tag="377" ind1=" " ind2=" ">
    <subfield code="a">slo</subfield>
  </datafield>
  <datafield tag="670" ind1=" " ind2=" ">
    <subfield code="a">SNK, cit. 8. 12. 2020</subfield>
    <subfield code="b">autoritní forma, datum narození, profesní údaje</subfield>
  </datafield>
  <datafield tag="670" ind1=" " ind2=" ">
    <subfield code="a">Petro, Ján: Nedopovedané; 2013</subfield>
  </datafield>
  <datafield tag="678" ind1="0" ind2=" ">
    <subfield code="a">Slovenský hudebník, kytarista, textař, básník a novinář narozený 22. 10. 1961 v Trebišově.</subfield>
  </datafield>
  <datafield tag="906" ind1=" " ind2=" ">
    <subfield code="a">za20201208</subfield>
    <subfield code="b">mahr</subfield>
  </datafield>
</record>