

<record>
  <leader>     cz  a22     n  4500</leader>
  <controlfield tag="001">xx0255003</controlfield>
  <controlfield tag="003">CZ PrNK</controlfield>
  <controlfield tag="005">20201209095442.0</controlfield>
  <controlfield tag="008">201208|n|aznnnaabn           n a|a      </controlfield>
  <datafield tag="040" ind1=" " ind2=" ">
    <subfield code="a">ABA008</subfield>
    <subfield code="b">cze</subfield>
    <subfield code="e">rda</subfield>
  </datafield>
  <datafield tag="111" ind1="2" ind2=" ">
    <subfield code="a">Evropský seminář pro prevenci alkoholismu</subfield>
    <subfield code="n">(5. :</subfield>
    <subfield code="d">1959 :</subfield>
    <subfield code="c">Vídeň, Rakousko)</subfield>
    <subfield code="7">xx0255003</subfield>
  </datafield>
  <datafield tag="368" ind1=" " ind2=" ">
    <subfield code="a">semináře</subfield>
  </datafield>
  <datafield tag="370" ind1=" " ind2=" ">
    <subfield code="c">Rakousko</subfield>
    <subfield code="e">Vídeň, Rakousko</subfield>
  </datafield>
  <datafield tag="372" ind1=" " ind2=" ">
    <subfield code="a">adiktologie</subfield>
    <subfield code="a">alkoholismus</subfield>
    <subfield code="a">prevence onemocnění</subfield>
  </datafield>
  <datafield tag="667" ind1=" " ind2=" ">
    <subfield code="a">Nezjištěn originální název konference.</subfield>
  </datafield>
  <datafield tag="670" ind1=" " ind2=" ">
    <subfield code="a">Zpráva o účasti na V. evropském semináři pro prevenci alkoholismu, 1959</subfield>
    <subfield code="b">autoritní forma</subfield>
  </datafield>
  <datafield tag="675" ind1=" " ind2=" ">
    <subfield code="a">LC (Names), cit. 8. 12. 2020</subfield>
    <subfield code="a">NLM (Names), cit. 8. 12. 2020</subfield>
  </datafield>
  <datafield tag="906" ind1=" " ind2=" ">
    <subfield code="a">za20201208</subfield>
    <subfield code="b">xlufr</subfield>
  </datafield>
  <datafield tag="906" ind1=" " ind2=" ">
    <subfield code="a">op20201209</subfield>
    <subfield code="b">svsv</subfield>
    <subfield code="c">Interní poznámka - nově; Jazyk - zrušeno</subfield>
  </datafield>
</record>