

<record>
  <leader>     cz  a22     n  4500</leader>
  <controlfield tag="001">ko20201095962</controlfield>
  <controlfield tag="003">CZ PrNK</controlfield>
  <controlfield tag="005">20201210085224.0</controlfield>
  <controlfield tag="008">201208|n|aznnnaabn           n a|a      </controlfield>
  <datafield tag="040" ind1=" " ind2=" ">
    <subfield code="a">ABA001</subfield>
    <subfield code="b">cze</subfield>
    <subfield code="d">ABA001</subfield>
    <subfield code="e">rda</subfield>
  </datafield>
  <datafield tag="110" ind1="2" ind2=" ">
    <subfield code="a">Grafton (loď)</subfield>
    <subfield code="7">ko20201095962</subfield>
  </datafield>
  <datafield tag="368" ind1=" " ind2=" ">
    <subfield code="a">lodě</subfield>
    <subfield code="a">plachetnice</subfield>
  </datafield>
  <datafield tag="370" ind1=" " ind2=" ">
    <subfield code="f">Aucklandské ostrovy, Nový Zéland</subfield>
    <subfield code="f">Nový Zéland</subfield>
    <subfield code="f">Francie</subfield>
  </datafield>
  <datafield tag="410" ind1="2" ind2=" ">
    <subfield code="a">Grafton (škuner)</subfield>
    <subfield code="0">o</subfield>
  </datafield>
  <datafield tag="670" ind1=" " ind2=" ">
    <subfield code="a">Druett, Joan: Island of the lost : an extraordinary story of survival at the edge of the world</subfield>
  </datafield>
  <datafield tag="670" ind1=" " ind2=" ">
    <subfield code="a">www(Wikipedie, otevřená encyklopedie), cit. 10. 12. 2020</subfield>
    <subfield code="u">https://cs.qaz.wiki/wiki/Grafton_(ship)</subfield>
  </datafield>
  <datafield tag="670" ind1=" " ind2=" ">
    <subfield code="a">LC (Names), cit. 10. 12. 2020</subfield>
    <subfield code="b">autoritní forma (Grafton (Schooner))</subfield>
  </datafield>
  <datafield tag="906" ind1=" " ind2=" ">
    <subfield code="a">za20201208</subfield>
    <subfield code="b">mikr</subfield>
  </datafield>
  <datafield tag="906" ind1=" " ind2=" ">
    <subfield code="a">op20201210</subfield>
    <subfield code="b">svsv</subfield>
    <subfield code="c">Viz - nově; URL - nově; Zdroj - další výskyt; Další info - nově; Související místo - nově</subfield>
  </datafield>
</record>