

<record>
  <leader>     nz  a22     n  4500</leader>
  <datafield tag="900" ind1=" " ind2=" ">
    <subfield code="a">*K-NÁVRH</subfield>
  </datafield>
  <controlfield tag="001">mzk20201095990</controlfield>
  <controlfield tag="003">CZ PrNK</controlfield>
  <controlfield tag="005">20201208143611.0</controlfield>
  <controlfield tag="008">201208|n|acnnnaabn           n a|a      </controlfield>
  <datafield tag="040" ind1=" " ind2=" ">
    <subfield code="a">BOA001</subfield>
    <subfield code="b">cze</subfield>
  </datafield>
  <datafield tag="111" ind1="2" ind2=" ">
    <subfield code="a">Problematika nakládání s odpady v česko-saském pohraničí (workshop)</subfield>
    <subfield code="d">(2020 :</subfield>
    <subfield code="c">online)</subfield>
    <subfield code="7">mzk20201095990</subfield>
  </datafield>
  <datafield tag="368" ind1=" " ind2=" ">
    <subfield code="a">workshopy</subfield>
  </datafield>
  <datafield tag="370" ind1=" " ind2=" ">
    <subfield code="c">Česko</subfield>
  </datafield>
  <datafield tag="372" ind1=" " ind2=" ">
    <subfield code="a">odpadové hospodářství</subfield>
  </datafield>
  <datafield tag="377" ind1=" " ind2=" ">
    <subfield code="a">cze</subfield>
    <subfield code="a">ger</subfield>
  </datafield>
  <datafield tag="411" ind1="2" ind2=" ">
    <subfield code="a">Abfallbehandlung im sächsisch-tschechischen Grenzgebiet (workshop)</subfield>
    <subfield code="d">(2020 :</subfield>
    <subfield code="c">online)</subfield>
    <subfield code="2">czeger</subfield>
    <subfield code="0">o</subfield>
  </datafield>
  <datafield tag="670" ind1=" " ind2=" ">
    <subfield code="a">Mezinárodní odborný workshop "Problematika nakládání s odpady v česko-saském pohraničí" : sborník abstraktů : 12.-13.11.2020, Online konference = Internationaler Fachworkshop "Abfallbehandlung im sächsisch- tschechischen Grenzgebiet" : Sammelband der Kurzfassungen : 12.-13.2020, Online Konferenz, 2020</subfield>
    <subfield code="b">autoritní forma</subfield>
  </datafield>
  <datafield tag="906" ind1=" " ind2=" ">
    <subfield code="a">za20201208</subfield>
    <subfield code="b">goldma</subfield>
  </datafield>
</record>