

<record>
  <leader>     cz  a22     n  4500</leader>
  <controlfield tag="001">xx0255020</controlfield>
  <controlfield tag="003">CZ PrNK</controlfield>
  <controlfield tag="005">20201210171318.0</controlfield>
  <controlfield tag="008">201208|n|aznnnaabn           n a|a      </controlfield>
  <datafield tag="024" ind1="7" ind2=" ">
    <subfield code="a">0000000116217165</subfield>
    <subfield code="2">isni</subfield>
  </datafield>
  <datafield tag="024" ind1="7" ind2=" ">
    <subfield code="a">Q2276981</subfield>
    <subfield code="2">wikidata</subfield>
  </datafield>
  <datafield tag="040" ind1=" " ind2=" ">
    <subfield code="a">ABE304</subfield>
    <subfield code="b">cze</subfield>
    <subfield code="d">ABA001</subfield>
    <subfield code="e">rda</subfield>
  </datafield>
  <datafield tag="046" ind1=" " ind2=" ">
    <subfield code="f">1919</subfield>
    <subfield code="g">1996</subfield>
  </datafield>
  <datafield tag="100" ind1="1" ind2=" ">
    <subfield code="a">Thumanova, Thamara,</subfield>
    <subfield code="d">1919-1996</subfield>
    <subfield code="7">xx0255020</subfield>
  </datafield>
  <datafield tag="370" ind1=" " ind2=" ">
    <subfield code="a">Ťumeň, Rusko</subfield>
    <subfield code="b">Santa Monica, Kalifornie</subfield>
    <subfield code="c">Rusko</subfield>
    <subfield code="c">Spojené státy americké</subfield>
  </datafield>
  <datafield tag="372" ind1=" " ind2=" ">
    <subfield code="a">balet</subfield>
    <subfield code="a">tanec</subfield>
    <subfield code="a">choreografie</subfield>
    <subfield code="a">herectví</subfield>
  </datafield>
  <datafield tag="374" ind1=" " ind2=" ">
    <subfield code="a">baletky</subfield>
    <subfield code="a">tanečnice</subfield>
    <subfield code="a">choreografky</subfield>
    <subfield code="a">herečky</subfield>
  </datafield>
  <datafield tag="375" ind1=" " ind2=" ">
    <subfield code="a">žena</subfield>
  </datafield>
  <datafield tag="400" ind1="1" ind2=" ">
    <subfield code="a">Toumanova, Tamara,</subfield>
    <subfield code="d">1919-1996</subfield>
    <subfield code="0">o</subfield>
  </datafield>
  <datafield tag="400" ind1="1" ind2=" ">
    <subfield code="a">Tumanova, Tamara Vladimirovna,</subfield>
    <subfield code="d">1919-1996</subfield>
    <subfield code="2">czerus</subfield>
    <subfield code="0">o</subfield>
  </datafield>
  <datafield tag="400" ind1="1" ind2=" ">
    <subfield code="a">Khassidovitch, Tamara Vladimirovna,</subfield>
    <subfield code="d">1919-1996</subfield>
    <subfield code="0">o</subfield>
  </datafield>
  <datafield tag="400" ind1="1" ind2=" ">
    <subfield code="a">Khazidovich, Tamara Vladimirovna,</subfield>
    <subfield code="d">1919-1996</subfield>
    <subfield code="0">o</subfield>
  </datafield>
  <datafield tag="400" ind1="1" ind2=" ">
    <subfield code="a">Thumanišvili, Tamara,</subfield>
    <subfield code="d">1919-1996</subfield>
    <subfield code="0">o</subfield>
  </datafield>
  <datafield tag="670" ind1=" " ind2=" ">
    <subfield code="a">Deakin, Irving: Ballet Profils, 1936</subfield>
    <subfield code="b">odkaz viz</subfield>
  </datafield>
  <datafield tag="670" ind1=" " ind2=" ">
    <subfield code="a">www(The National Parliamentary Library of Georgia), cit. 8. 12. 2020</subfield>
    <subfield code="b">autoritní forma</subfield>
  </datafield>
  <datafield tag="670" ind1=" " ind2=" ">
    <subfield code="a">www(Wikipedia, the free encyclopedia), cit. 8. 12. 2020</subfield>
    <subfield code="b">data, biografické údaje, odkazy viz</subfield>
    <subfield code="u">https://en.wikipedia.org/wiki/Tamara_Toumanova</subfield>
  </datafield>
  <datafield tag="678" ind1="0" ind2=" ">
    <subfield code="a">Gruzínsko-americká tanečnice.</subfield>
  </datafield>
  <datafield tag="906" ind1=" " ind2=" ">
    <subfield code="a">za20201208</subfield>
    <subfield code="b">xalso</subfield>
  </datafield>
  <datafield tag="906" ind1=" " ind2=" ">
    <subfield code="a">op20201210</subfield>
    <subfield code="b">beba</subfield>
    <subfield code="c">370ab nově; 670b formální oprava</subfield>
  </datafield>
</record>