

<record>
  <leader>     nz  a22     n  4500</leader>
  <datafield tag="900" ind1=" " ind2=" ">
    <subfield code="a">*K-NÁVRH</subfield>
  </datafield>
  <controlfield tag="001">mzk20201095997</controlfield>
  <controlfield tag="003">CZ PrNK</controlfield>
  <controlfield tag="005">20201208144416.0</controlfield>
  <controlfield tag="008">201208|n|acnnnaabn           n a|a      </controlfield>
  <datafield tag="040" ind1=" " ind2=" ">
    <subfield code="a">BOA001</subfield>
    <subfield code="b">cze</subfield>
  </datafield>
  <datafield tag="111" ind1="2" ind2=" ">
    <subfield code="a">Jak si přáli bydlet naši pracující? (konference)</subfield>
    <subfield code="d">(2020 :</subfield>
    <subfield code="c">online)</subfield>
    <subfield code="7">mzk20201095997</subfield>
  </datafield>
  <datafield tag="368" ind1=" " ind2=" ">
    <subfield code="a">mezinárodní konference</subfield>
  </datafield>
  <datafield tag="370" ind1=" " ind2=" ">
    <subfield code="c">Česko</subfield>
  </datafield>
  <datafield tag="372" ind1=" " ind2=" ">
    <subfield code="a">sociologie bydlení</subfield>
    <subfield code="a">bytová výstavba</subfield>
  </datafield>
  <datafield tag="377" ind1=" " ind2=" ">
    <subfield code="a">cze</subfield>
    <subfield code="a">eng</subfield>
  </datafield>
  <datafield tag="411" ind1="2" ind2=" ">
    <subfield code="a">What Type of Housing Did Our Workers Want to Live in? (konference)</subfield>
    <subfield code="d">(2020 :</subfield>
    <subfield code="c">online)</subfield>
    <subfield code="2">czeeng</subfield>
    <subfield code="0">o</subfield>
  </datafield>
  <datafield tag="670" ind1=" " ind2=" ">
    <subfield code="a">Balgová, Ivana ... et al.: Jak si přáli bydlet naši pracující? : program a anotace konference : sociologická expertiza a bytová výstavba 1945-1989 = What Type of Housing Did Our Workers Want to Live in? : conference programme and abstracts : sociological expertise and housing construction 1945-1989, 2020</subfield>
    <subfield code="b">autoritní forma</subfield>
  </datafield>
  <datafield tag="670" ind1=" " ind2=" ">
    <subfield code="a">www(Ústav pro soudobé dějiny AV ČR), cit. 12. 8. 2020</subfield>
    <subfield code="u">http://www.usd.cas.cz/aktuality/mezinarodni-konference-jak-si-prali-bydlet-nasi-pracujici/</subfield>
  </datafield>
  <datafield tag="906" ind1=" " ind2=" ">
    <subfield code="a">za20201208</subfield>
    <subfield code="b">goldma</subfield>
  </datafield>
</record>