

<record>
  <leader>     cz  a22     n  4500</leader>
  <controlfield tag="001">ge1096000</controlfield>
  <controlfield tag="003">CZ PrNK</controlfield>
  <controlfield tag="005">20201208145432.0</controlfield>
  <controlfield tag="008">201208|n|acznnaabn           n a|a      </controlfield>
  <datafield tag="034" ind1=" " ind2=" ">
    <subfield code="d">E012.0062</subfield>
    <subfield code="e">E012.0062</subfield>
    <subfield code="f">N051.3576</subfield>
    <subfield code="g">N051.3576</subfield>
  </datafield>
  <datafield tag="040" ind1=" " ind2=" ">
    <subfield code="a">ABA001</subfield>
    <subfield code="b">cze</subfield>
    <subfield code="d">ABA001</subfield>
  </datafield>
  <datafield tag="043" ind1=" " ind2=" ">
    <subfield code="a">e-gx---</subfield>
  </datafield>
  <datafield tag="080" ind1=" " ind2=" ">
    <subfield code="a">(430.248)</subfield>
    <subfield code="2">MRF_2014</subfield>
  </datafield>
  <datafield tag="151" ind1=" " ind2=" ">
    <subfield code="a">Neumarkt (Merseburg, Německo)</subfield>
    <subfield code="7">ge1096000</subfield>
  </datafield>
  <datafield tag="MOR" ind1=" " ind2=" ">
    <subfield code="a">Neumarkt (Mersenburg, Německo)</subfield>
    <subfield code="7">ge1096000</subfield>
  </datafield>
  <datafield tag="551" ind1=" " ind2=" ">
    <subfield code="w">g</subfield>
    <subfield code="a">Merseburg (Německo)</subfield>
    <subfield code="7">ge278807</subfield>
  </datafield>
  <datafield tag="670" ind1=" " ind2=" ">
    <subfield code="a">www(Wikipedia, die freie Enzyklopädie), cit. 8. 12. 2020</subfield>
  </datafield>
  <datafield tag="670" ind1=" " ind2=" ">
    <subfield code="a">www(Getty), cit. 8. 12. 2020</subfield>
  </datafield>
  <datafield tag="678" ind1=" " ind2=" ">
    <subfield code="a">Část města Merseburg ve spolkové zemi Sasko-Anhaltsko ve vládním obvodu (Landkreis) Saalekreis.</subfield>
  </datafield>
  <datafield tag="751" ind1="0" ind2="7">
    <subfield code="a">Neumarkt (Merseburg, Germany)</subfield>
    <subfield code="2">eczenas</subfield>
  </datafield>
  <datafield tag="856" ind1="4" ind2="2">
    <subfield code="u">https://de.wikipedia.org/wiki/Neumarkt_(Merseburg)</subfield>
    <subfield code="4">N</subfield>
  </datafield>
  <datafield tag="GPS" ind1=" " ind2=" ">
    <subfield code="a">51°21'27.3"N</subfield>
    <subfield code="c">12°0'22.3"E</subfield>
  </datafield>
  <datafield tag="956" ind1="4" ind2=" ">
    <subfield code="u">http://aleph.nkp.cz/aleph-cgi/show_map?ll=51.35758,12.00619&amp;z=12</subfield>
    <subfield code="y">Zobrazit na mapě</subfield>
    <subfield code="4">N</subfield>
  </datafield>
  <datafield tag="906" ind1=" " ind2=" ">
    <subfield code="a">wz20201208</subfield>
    <subfield code="b">mase</subfield>
  </datafield>
  <datafield tag="950" ind1="1" ind2=" ">
    <subfield code="a">správní celek</subfield>
  </datafield>
</record>