

<record>
  <leader>     nz  a22     n  4500</leader>
  <controlfield tag="001">ko20201096001</controlfield>
  <controlfield tag="003">CZ PrNK</controlfield>
  <controlfield tag="005">20201208145243.0</controlfield>
  <controlfield tag="008">201208|n|aznnnaabn           n a|a      </controlfield>
  <datafield tag="040" ind1=" " ind2=" ">
    <subfield code="a">ABA001</subfield>
    <subfield code="b">cze</subfield>
    <subfield code="d">ABA001</subfield>
    <subfield code="e">rda</subfield>
  </datafield>
  <datafield tag="110" ind1="2" ind2=" ">
    <subfield code="a">Lumír (pěvecký sbor : Kostelec nad Černými lesy, Česko)</subfield>
    <subfield code="7">ko20201096001</subfield>
  </datafield>
  <datafield tag="368" ind1=" " ind2=" ">
    <subfield code="a">pěvecké sbory</subfield>
    <subfield code="a">spolky</subfield>
  </datafield>
  <datafield tag="370" ind1=" " ind2=" ">
    <subfield code="c">Česko</subfield>
    <subfield code="e">Kostelec nad Černými lesy, Česko</subfield>
    <subfield code="f">Československo</subfield>
    <subfield code="f">Rakousko-Uhersko</subfield>
  </datafield>
  <datafield tag="372" ind1=" " ind2=" ">
    <subfield code="a">sborový zpěv</subfield>
  </datafield>
  <datafield tag="377" ind1=" " ind2=" ">
    <subfield code="a">cze</subfield>
  </datafield>
  <datafield tag="410" ind1="2" ind2=" ">
    <subfield code="a">Pěvecký sbor Lumír TJ Tatran v Kostelci nad Černými lesy</subfield>
    <subfield code="0">o</subfield>
  </datafield>
  <datafield tag="410" ind1="2" ind2=" ">
    <subfield code="a">Pěvecký sbor Lumír (Kostelec nad Černými lesy, Česko)</subfield>
    <subfield code="0">o</subfield>
  </datafield>
  <datafield tag="410" ind1="2" ind2=" ">
    <subfield code="a">Tělovýchovná jednota Tatran Kostelec nad Černými lesy.</subfield>
    <subfield code="b">Pěvecký sbor Lumír</subfield>
    <subfield code="0">o</subfield>
  </datafield>
  <datafield tag="410" ind1="2" ind2=" ">
    <subfield code="a">TJ Tatran Kostelec nad Černými lesy.</subfield>
    <subfield code="b">Pěvecký sbor Lumír</subfield>
    <subfield code="0">o</subfield>
  </datafield>
  <datafield tag="670" ind1=" " ind2=" ">
    <subfield code="a">Pěvecký sbor Lumír TJ Tatran v Kostelci n.Č.l. vydává svému členstvu, všem přátelům a známým, svým posluchačům a příznivcům tuto skrovnou knížku na závěr své čtvrtstoleté činnosti : 1884-1937-1962 /</subfield>
  </datafield>
  <datafield tag="906" ind1=" " ind2=" ">
    <subfield code="a">br20201208</subfield>
    <subfield code="b">svsv</subfield>
  </datafield>
</record>