

<record>
  <leader>     nz  a22     n  4500</leader>
  <datafield tag="900" ind1=" " ind2=" ">
    <subfield code="a">N-NÁVRH-VP</subfield>
  </datafield>
  <controlfield tag="001">kon20201096031</controlfield>
  <controlfield tag="003">CZ PrNK</controlfield>
  <controlfield tag="005">20201208171140.0</controlfield>
  <controlfield tag="008">201208|n|aznnnaabn           n a|a      </controlfield>
  <datafield tag="040" ind1=" " ind2=" ">
    <subfield code="a">ABA001</subfield>
    <subfield code="b">cze</subfield>
    <subfield code="e">rda</subfield>
  </datafield>
  <datafield tag="110" ind1="2" ind2=" ">
    <subfield code="a">Biblioteca del Monumento nazionale di Montecassino.</subfield>
    <subfield code="k">Rukopis.</subfield>
    <subfield code="n">318</subfield>
    <subfield code="7">kon20201096031</subfield>
  </datafield>
  <datafield tag="670" ind1=" " ind2=" ">
    <subfield code="a">Albiero, Laura, ed. a Draelants, Isabelle, ed. Sciences du quadrivium au Mont-Cassin: regards croisés sur le manuscrit Montecassino, Archivio dell'Abbazia 318. Turnhout, Belgium: Brepols, [2018], ©2018.</subfield>
  </datafield>
  <datafield tag="678" ind1=" " ind2=" ">
    <subfield code="a">Latinský rukopis ze třetí čtvrtiny 11. století zabývající se hudbou a kosmologií.</subfield>
  </datafield>
  <datafield tag="906" ind1=" " ind2=" ">
    <subfield code="a">za20201208</subfield>
    <subfield code="b">evko</subfield>
  </datafield>
</record>