

<record>
  <leader>     nz  a22     n  4500</leader>
  <datafield tag="900" ind1=" " ind2=" ">
    <subfield code="a">N-NÁVRH-VP</subfield>
  </datafield>
  <controlfield tag="001">aun20201096032</controlfield>
  <controlfield tag="003">CZ PrNK</controlfield>
  <controlfield tag="005">20201208180549.0</controlfield>
  <controlfield tag="008">201208|n|acnnnaabn           n a|a      </controlfield>
  <datafield tag="040" ind1=" " ind2=" ">
    <subfield code="a">ABA001</subfield>
    <subfield code="b">cze</subfield>
  </datafield>
  <datafield tag="100" ind1="1" ind2=" ">
    <subfield code="a">Tochtermann, Hieronymus,</subfield>
    <subfield code="d">1683-1755.</subfield>
    <subfield code="t">Vorschrifft, Teutsch- lateinisch- und französischer Schrifften</subfield>
    <subfield code="7">aun20201096032</subfield>
  </datafield>
  <datafield tag="670" ind1=" " ind2=" ">
    <subfield code="a">Tochtermann, Hieronymus, Mayer, Wolfgang a Pfändtner, Karl-Georg. Vorschrifft, Teutsch, lateinisch u. französischer Schrifften. [Luzern]: Quaternio Verlag Luzern, [2019], ©2019.</subfield>
  </datafield>
  <datafield tag="906" ind1=" " ind2=" ">
    <subfield code="a">za20201208</subfield>
    <subfield code="b">evko</subfield>
  </datafield>
</record>