

<record>
  <leader>     nz  a22     n  4500</leader>
  <datafield tag="900" ind1=" " ind2=" ">
    <subfield code="a">N-NÁVRH-VP</subfield>
  </datafield>
  <controlfield tag="001">kon20201096033</controlfield>
  <controlfield tag="003">CZ PrNK</controlfield>
  <controlfield tag="005">20201208181837.0</controlfield>
  <controlfield tag="008">201208|n|aznnnaabn           n a|a      </controlfield>
  <datafield tag="040" ind1=" " ind2=" ">
    <subfield code="a">ABA001</subfield>
    <subfield code="b">cze</subfield>
    <subfield code="e">rda</subfield>
  </datafield>
  <datafield tag="110" ind1="2" ind2=" ">
    <subfield code="a">Staats- und Stadtbibliothek Augsburg.</subfield>
    <subfield code="k">Rukopis.</subfield>
    <subfield code="n">4o Cod Aug 272 (Cim 89)</subfield>
    <subfield code="7">kon20201096033</subfield>
  </datafield>
  <datafield tag="670" ind1=" " ind2=" ">
    <subfield code="a">Tochtermann, Hieronymus, Mayer, Wolfgang a Pfändtner, Karl-Georg. Vorschrifft, Teutsch, lateinisch u. französischer Schrifften. [Luzern]: Quaternio Verlag Luzern, [2019], ©2019.</subfield>
  </datafield>
  <datafield tag="678" ind1=" " ind2=" ">
    <subfield code="a">Pergamenový iluminovaný rukopis zabývající se kaligrafií, dílo Hieronyma Tochtermanna (1684-1755) z roku 1731.</subfield>
  </datafield>
  <datafield tag="906" ind1=" " ind2=" ">
    <subfield code="a">za20201208</subfield>
    <subfield code="b">evko</subfield>
  </datafield>
</record>