

<record>
  <leader>     nz  a22     n  4500</leader>
  <datafield tag="900" ind1=" " ind2=" ">
    <subfield code="a">J-NÁVRH-STT</subfield>
  </datafield>
  <controlfield tag="001">ntk20201096034</controlfield>
  <controlfield tag="003">CZ PrNK</controlfield>
  <controlfield tag="005">20201210132418.0</controlfield>
  <controlfield tag="008">201208|n|aznnnaabn           n a|a      </controlfield>
  <datafield tag="024" ind1="7" ind2=" ">
    <subfield code="a">Q40919888</subfield>
    <subfield code="2">wikidata</subfield>
  </datafield>
  <datafield tag="040" ind1=" " ind2=" ">
    <subfield code="a">ABA013</subfield>
    <subfield code="b">cze</subfield>
    <subfield code="e">rda</subfield>
  </datafield>
  <datafield tag="046" ind1=" " ind2=" ">
    <subfield code="f">1736</subfield>
    <subfield code="g">1810</subfield>
  </datafield>
  <datafield tag="100" ind1="1" ind2=" ">
    <subfield code="a">Picht, Johann Gottlieb,</subfield>
    <subfield code="d">1736-1810</subfield>
    <subfield code="7">ntk20201096034</subfield>
  </datafield>
  <datafield tag="370" ind1=" " ind2=" ">
    <subfield code="a">Neumarkt, Merseburg, Německo</subfield>
    <subfield code="b">Gingst, Německo</subfield>
    <subfield code="c">Německo</subfield>
    <subfield code="f">Gingst, Německo</subfield>
    <subfield code="f">Stralsund, Německo</subfield>
    <subfield code="f">Švédské Pomořansko</subfield>
    <subfield code="f">Halle an der Saale, Německo</subfield>
    <subfield code="f">Greifswald, Německo</subfield>
    <subfield code="f">Rujana, Německo : ostrov</subfield>
  </datafield>
  <datafield tag="372" ind1=" " ind2=" ">
    <subfield code="a">vojenské stavby</subfield>
    <subfield code="a">opevnění</subfield>
    <subfield code="a">geometrie</subfield>
    <subfield code="a">stavební inženýrství</subfield>
    <subfield code="a">politika</subfield>
    <subfield code="a">sociální rozvoj</subfield>
    <subfield code="a">duchovní služba v armádě</subfield>
    <subfield code="a">proboštství</subfield>
  </datafield>
  <datafield tag="374" ind1=" " ind2=" ">
    <subfield code="a">protestantští duchovní</subfield>
    <subfield code="a">vojenští duchovní</subfield>
    <subfield code="a">reformátoři</subfield>
    <subfield code="a">protestantští reformátoři</subfield>
    <subfield code="a">probošti</subfield>
  </datafield>
  <datafield tag="375" ind1=" " ind2=" ">
    <subfield code="a">muž</subfield>
  </datafield>
  <datafield tag="377" ind1=" " ind2=" ">
    <subfield code="a">ger</subfield>
    <subfield code="a">fre</subfield>
  </datafield>
  <datafield tag="400" ind1="1" ind2=" ">
    <subfield code="a">Picht, J. G.,</subfield>
    <subfield code="d">1736-1810</subfield>
    <subfield code="0">o</subfield>
  </datafield>
  <datafield tag="400" ind1="1" ind2=" ">
    <subfield code="a">Picht, I. G.,</subfield>
    <subfield code="d">1736-1810</subfield>
    <subfield code="0">o</subfield>
  </datafield>
  <datafield tag="400" ind1="1" ind2=" ">
    <subfield code="a">Picht, I. G.</subfield>
    <subfield code="q">(J. G.),</subfield>
    <subfield code="d">1736-1810</subfield>
    <subfield code="0">o</subfield>
  </datafield>
  <datafield tag="667" ind1=" " ind2=" ">
    <subfield code="a">http://d-nb.info/gnd/120392399.</subfield>
  </datafield>
  <datafield tag="667" ind1=" " ind2=" ">
    <subfield code="a">DNB zřejmě omylem vytvořila v r. 2018 ještě jeden krátký autoritní záznam popisované osoby „Picht, J. G.“ (http://d-nb.info/gnd/1157483062), který ve vnitřní struktuře MARCXML uvádí citovanou publikaci v němčině a francouzštině. Nizozemská autorita prozatím zaostává v jasné identifikaci popisované osoby.</subfield>
  </datafield>
  <datafield tag="667" ind1=" " ind2=" ">
    <subfield code="a">Rok narození je v DNB pravděpodobně uveden chybně (1637). V tomto záznamu byla dána přednost údaji, který uváději Wikipedia a Wikidata.</subfield>
  </datafield>
  <datafield tag="670" ind1=" " ind2=" ">
    <subfield code="a">Der Ingenieur im Felde. Mit fünf Kupfern. Von J. G. Picht. Stralsund und Leipzig: bey Johann Jacob Weitbrecht, 1761</subfield>
    <subfield code="b">odkaz viz</subfield>
    <subfield code="u">https://digitale-bibliothek-mv.de/viewer/resolver?urn=urn:nbn:de:gbv:9-g-4899754</subfield>
  </datafield>
  <datafield tag="670" ind1=" " ind2=" ">
    <subfield code="a">L'INGENIEUR EN CAMPAGNE AVEC V. PLANCHES. PAR I. G. PICHT. AMSTERDAM: AU DEPENS DE LA COMPAGNIE, 1761</subfield>
    <subfield code="b">odkaz viz</subfield>
    <subfield code="u">http://books.google.com/books?vid=KBNL:UBA000059509</subfield>
  </datafield>
  <datafield tag="670" ind1=" " ind2=" ">
    <subfield code="a">DNB, cit. 8. 12. 2020</subfield>
    <subfield code="b">autoritní forma, odkaz viz</subfield>
    <subfield code="u">http://d-nb.info/gnd/120392399</subfield>
  </datafield>
  <datafield tag="670" ind1=" " ind2=" ">
    <subfield code="a">www(Wikipedia, die freie Enzyklopädie), cit. 8. 12. 2020</subfield>
    <subfield code="b">datum a místo narození a úmrtí, národnost, biografické a profesní údaje</subfield>
    <subfield code="u">https://de.wikipedia.org/wiki/Johann_Gottlieb_Picht</subfield>
  </datafield>
  <datafield tag="670" ind1=" " ind2=" ">
    <subfield code="a">www(KB, Nederlandse Bibliografie / Brinkman), cit. 8. 12. 2020</subfield>
    <subfield code="b">odkazy viz</subfield>
    <subfield code="u">https://opc-kb.oclc.org/DB=1/XMLPRS=Y/PPN?PPN=128313374</subfield>
  </datafield>
  <datafield tag="678" ind1="0" ind2=" ">
    <subfield code="a">Německý evangelický luteránský kněz a sociální reformátor. Vystudoval teologii na univerzitách v Halle a Greifswaldu. Poté působil jako soukromý učitel v Zadním Pomořansku, v letech 1760-1762 též ve Stralsundu (Švédské Pomořansko) u vládního rady Adolfa Friedricha von Olthofa (1718-1793). V letech 1762-1767 byl vojenským kaplanem v Barthu. V roce 1769 byl jmenován farářem a proboštem evangelického kostela Svatého Jakuba v Gingstu na Rujaně. Zasloužil se o zrušení nevolnictví v dané oblasti a zreformoval základní vzdělávání obyvatel. Po jeho smrti pokračoval v jeho práci syn Adolph Wilhelm Picht (1773-1857).</subfield>
  </datafield>
  <datafield tag="856" ind1="4" ind2="2">
    <subfield code="u">https://de.wikipedia.org/wiki/Johann_Gottlieb_Picht</subfield>
    <subfield code="4">N</subfield>
  </datafield>
  <datafield tag="906" ind1=" " ind2=" ">
    <subfield code="a">za20201208</subfield>
    <subfield code="b">evbr</subfield>
  </datafield>
  <datafield tag="906" ind1=" " ind2=" ">
    <subfield code="a">ko20201208</subfield>
    <subfield code="b">evbr</subfield>
  </datafield>
</record>