

<record>
  <leader>     nz  a22     n  4500</leader>
  <controlfield tag="001">ko20201096046</controlfield>
  <controlfield tag="003">CZ PrNK</controlfield>
  <controlfield tag="005">20201209103003.0</controlfield>
  <controlfield tag="008">201209|n|aznnnaabn           n a|a      </controlfield>
  <datafield tag="040" ind1=" " ind2=" ">
    <subfield code="a">ABA001</subfield>
    <subfield code="b">cze</subfield>
    <subfield code="d">ABA001</subfield>
    <subfield code="e">rda</subfield>
  </datafield>
  <datafield tag="111" ind1="2" ind2=" ">
    <subfield code="a">Schola nova, quo vadis? (konference)</subfield>
    <subfield code="n">(5. :</subfield>
    <subfield code="d">2020 :</subfield>
    <subfield code="c">Praha, Česko)</subfield>
    <subfield code="7">ko20201096046</subfield>
  </datafield>
  <datafield tag="368" ind1=" " ind2=" ">
    <subfield code="a">mezinárodní konference</subfield>
    <subfield code="d">konference</subfield>
  </datafield>
  <datafield tag="370" ind1=" " ind2=" ">
    <subfield code="c">Česko</subfield>
    <subfield code="e">Praha, Česko</subfield>
  </datafield>
  <datafield tag="372" ind1=" " ind2=" ">
    <subfield code="a">středoškolští učitelé</subfield>
    <subfield code="a">odborné předměty</subfield>
  </datafield>
  <datafield tag="377" ind1=" " ind2=" ">
    <subfield code="a">cze</subfield>
    <subfield code="a">eng</subfield>
    <subfield code="a">slo</subfield>
  </datafield>
  <datafield tag="410" ind1="2" ind2=" ">
    <subfield code="a">Pohledy na středoškolského učitele odborných předmětů</subfield>
    <subfield code="d">(2020 :</subfield>
    <subfield code="c">Praha, Česko)</subfield>
    <subfield code="0">o</subfield>
  </datafield>
  <datafield tag="670" ind1=" " ind2=" ">
    <subfield code="a">Schola nova, quo vadis? : pohledy na středoškolského učitele odborných předmětů : sborník recenzovaných abstraktů 5. ročníku mezinárodní vědecké konference = reviewed abstracts of the 5th international scientific conference</subfield>
  </datafield>
  <datafield tag="670" ind1=" " ind2=" ">
    <subfield code="a">www(VŠE - Aktuality), cit. 9. 12. 2020</subfield>
  </datafield>
  <datafield tag="906" ind1=" " ind2=" ">
    <subfield code="a">za20201209</subfield>
    <subfield code="b">kola</subfield>
  </datafield>
  <datafield tag="906" ind1=" " ind2=" ">
    <subfield code="a">vr20201209</subfield>
    <subfield code="b">svsv</subfield>
  </datafield>
</record>