

<record>
  <leader>     nz  a22     n  4500</leader>
  <controlfield tag="001">kon20201096061</controlfield>
  <controlfield tag="003">CZ PrNK</controlfield>
  <controlfield tag="005">20201209102324.0</controlfield>
  <controlfield tag="008">201209|n|aznnnaabn           n a|a      </controlfield>
  <datafield tag="040" ind1=" " ind2=" ">
    <subfield code="a">ABA001</subfield>
    <subfield code="b">cze</subfield>
    <subfield code="e">rda</subfield>
  </datafield>
  <datafield tag="110" ind1="2" ind2=" ">
    <subfield code="a">Česká eskomptní banka a úvěrní ústav.</subfield>
    <subfield code="t">Výroční zpráva (Česká eskomptní banka a úvěrní ústav).</subfield>
    <subfield code="l">Německy</subfield>
    <subfield code="7">kon20201096061</subfield>
  </datafield>
  <datafield tag="410" ind1="2" ind2=" ">
    <subfield code="a">Česká eskomptní banka a úvěrní ústav.</subfield>
    <subfield code="t">Böhmische Escompte-Bank und Credit-Ansalt Prag</subfield>
    <subfield code="0">o</subfield>
  </datafield>
  <datafield tag="410" ind1="2" ind2=" ">
    <subfield code="a">Česká eskomptní banka a úvěrní ústav.</subfield>
    <subfield code="t">Jahresbericht der Böhmischen Escompte-Bank und Credit-Ansalt in Prag</subfield>
    <subfield code="0">o</subfield>
  </datafield>
  <datafield tag="670" ind1=" " ind2=" ">
    <subfield code="a">Böhmische Escompte-Bank und Credit-Ansalt Prag. [Prag] : [Böhmische Escompte-Bank und Credit-Ansalt], [1865-1929]</subfield>
  </datafield>
  <datafield tag="906" ind1=" " ind2=" ">
    <subfield code="a">br20201209</subfield>
    <subfield code="b">juri</subfield>
  </datafield>
  <datafield tag="906" ind1=" " ind2=" ">
    <subfield code="a">ks20201209</subfield>
    <subfield code="b">juri</subfield>
  </datafield>
</record>