

<record>
  <leader>     nz  a22     n  4500</leader>
  <controlfield tag="001">kon20201096065</controlfield>
  <controlfield tag="003">CZ PrNK</controlfield>
  <controlfield tag="005">20201209101848.0</controlfield>
  <controlfield tag="008">201209|n|aznnnaabn           n a|a      </controlfield>
  <datafield tag="040" ind1=" " ind2=" ">
    <subfield code="a">ABA001</subfield>
    <subfield code="b">cze</subfield>
    <subfield code="e">rda</subfield>
  </datafield>
  <datafield tag="110" ind1="2" ind2=" ">
    <subfield code="a">Katolická církev.</subfield>
    <subfield code="b">Papež (1903-1914 : Pius X.).</subfield>
    <subfield code="t">Haerent animo</subfield>
    <subfield code="7">kon20201096065</subfield>
  </datafield>
  <datafield tag="410" ind1="2" ind2=" ">
    <subfield code="a">Katolická církev.</subfield>
    <subfield code="b">Papež (1903-1914 : Pius X.).</subfield>
    <subfield code="t">Exhortatio ad clerum catholicum Pii X. pontificis maxim in quinquagesimo natali sacerdotii sui</subfield>
    <subfield code="0">o</subfield>
  </datafield>
  <datafield tag="670" ind1=" " ind2=" ">
    <subfield code="a">In: Paulus, Dei et Apostolicae Sedis Gratia Archiepiscopus Pragensis, Princeps ... dilectis in Christo filiis in piam laetamque memoriam s. Ordinationis sacerdotalis. Pragae : [nakladatel není známý], [1917?]</subfield>
  </datafield>
  <datafield tag="670" ind1=" " ind2=" ">
    <subfield code="a">www(vatican)</subfield>
  </datafield>
  <datafield tag="700" ind1="0" ind2="7">
    <subfield code="a">Pius</subfield>
    <subfield code="b">X.,</subfield>
    <subfield code="c">papež,</subfield>
    <subfield code="d">1835-1914.</subfield>
    <subfield code="t">Haerent animo</subfield>
    <subfield code="2">czenas</subfield>
  </datafield>
  <datafield tag="700" ind1="0" ind2="7">
    <subfield code="a">Pius</subfield>
    <subfield code="b">X.,</subfield>
    <subfield code="c">papež,</subfield>
    <subfield code="d">1835-1914.</subfield>
    <subfield code="t">Exhortatio ad clerum catholicum Pii X. pontificis maxim in quinquagesimo natali sacerdotii sui</subfield>
    <subfield code="2">czenas</subfield>
  </datafield>
  <datafield tag="856" ind1="4" ind2="2">
    <subfield code="u">http://www.vatican.va/content/pius-x/la/apost_exhortations/documents/hf_p-x_exh_19080804_haerent-animo.html</subfield>
    <subfield code="4">N</subfield>
  </datafield>
  <datafield tag="906" ind1=" " ind2=" ">
    <subfield code="a">br20201209</subfield>
    <subfield code="b">juri</subfield>
  </datafield>
  <datafield tag="906" ind1=" " ind2=" ">
    <subfield code="a">ks20201209</subfield>
    <subfield code="b">juri</subfield>
  </datafield>
</record>