

<record>
  <leader>     nz  a22     n  4500</leader>
  <controlfield tag="001">ko20201096075</controlfield>
  <controlfield tag="003">CZ PrNK</controlfield>
  <controlfield tag="005">20201209105524.0</controlfield>
  <controlfield tag="008">201209|n|aznnnaabn           n a|a      </controlfield>
  <datafield tag="040" ind1=" " ind2=" ">
    <subfield code="a">ABA004</subfield>
    <subfield code="b">cze</subfield>
    <subfield code="d">ABA001</subfield>
    <subfield code="e">rda</subfield>
  </datafield>
  <datafield tag="110" ind1="2" ind2=" ">
    <subfield code="a">Crveni krst Niš (Srbsko)</subfield>
    <subfield code="7">ko20201096075</subfield>
  </datafield>
  <datafield tag="368" ind1=" " ind2=" ">
    <subfield code="a">humanitární organizace</subfield>
  </datafield>
  <datafield tag="370" ind1=" " ind2=" ">
    <subfield code="c">Srbsko</subfield>
    <subfield code="e">Niš, Srbsko</subfield>
  </datafield>
  <datafield tag="372" ind1=" " ind2=" ">
    <subfield code="a">humanitární pomoc</subfield>
  </datafield>
  <datafield tag="377" ind1=" " ind2=" ">
    <subfield code="a">srp</subfield>
  </datafield>
  <datafield tag="670" ind1=" " ind2=" ">
    <subfield code="a">www(Wikipedija, slobodna enciklopedija), cit. 9. 12. 2020</subfield>
    <subfield code="u">https://sr.wikipedia.org/wiki/%D0%A6%D1%80%D0%B2%D0%B5%D0%BD%D0%B8_%D0%BA%D1%80%D1%81%D1%82_%D0%9D%D0%B8%D1%88</subfield>
  </datafield>
  <datafield tag="670" ind1=" " ind2=" ">
    <subfield code="a">Društvo Crvenog krsta i niški koncentracioni logor u periodu Drugog svetskog rata =La Societe de la Croix-rouge et le Camp de concentration de Niš dans la periode de la Deuxieme guerre mondiale /Ivana Gruden Milentijević, Nebojša Ozimić ; 2017</subfield>
  </datafield>
  <datafield tag="675" ind1=" " ind2=" ">
    <subfield code="a">LC (Names), cit. 9. 12. 2020</subfield>
  </datafield>
  <datafield tag="906" ind1=" " ind2=" ">
    <subfield code="a">za20201209</subfield>
    <subfield code="b">mahr</subfield>
  </datafield>
  <datafield tag="906" ind1=" " ind2=" ">
    <subfield code="a">vr20201209</subfield>
    <subfield code="b">svsv</subfield>
  </datafield>
</record>