

<record>
  <leader>     nz  a22     n  4500</leader>
  <datafield tag="900" ind1=" " ind2=" ">
    <subfield code="a">V-NÁVRH</subfield>
  </datafield>
  <controlfield tag="001">ph1096081</controlfield>
  <controlfield tag="003">CZ PrNK</controlfield>
  <controlfield tag="005">20201209104953.0</controlfield>
  <controlfield tag="008">201209|n|anznnbabn           n a|a      </controlfield>
  <datafield tag="040" ind1=" " ind2=" ">
    <subfield code="a">ABA001</subfield>
    <subfield code="b">cze</subfield>
  </datafield>
  <datafield tag="072" ind1=" " ind2="7">
    <subfield code="a">821.51</subfield>
    <subfield code="x">Uraloaltajské literatury</subfield>
    <subfield code="2">Konspekt</subfield>
    <subfield code="9">25</subfield>
  </datafield>
  <datafield tag="072" ind1=" " ind2="7">
    <subfield code="a">821.51.09</subfield>
    <subfield code="x">Uraloaltajské literatury (o nich)</subfield>
    <subfield code="2">Konspekt</subfield>
    <subfield code="9">11</subfield>
  </datafield>
  <datafield tag="080" ind1=" " ind2=" ">
    <subfield code="a">821.511.2</subfield>
    <subfield code="2">MRF_2003</subfield>
  </datafield>
  <datafield tag="150" ind1=" " ind2=" ">
    <subfield code="a">něnecká literatura</subfield>
    <subfield code="7">ph1096081</subfield>
  </datafield>
  <datafield tag="450" ind1=" " ind2=" ">
    <subfield code="a">literatura něnecká</subfield>
    <subfield code="0">o</subfield>
  </datafield>
  <datafield tag="550" ind1=" " ind2=" ">
    <subfield code="w">h</subfield>
    <subfield code="a">něnecká poezie</subfield>
    <subfield code="7">ph1096082</subfield>
  </datafield>
  <datafield tag="550" ind1=" " ind2=" ">
    <subfield code="w">h</subfield>
    <subfield code="a">něnecká próza</subfield>
    <subfield code="7">ph1096083</subfield>
  </datafield>
  <datafield tag="750" ind1="0" ind2="7">
    <subfield code="a">Nenets literature</subfield>
    <subfield code="2">eczenas</subfield>
  </datafield>
  <datafield tag="906" ind1=" " ind2=" ">
    <subfield code="a">za20201209</subfield>
    <subfield code="b">jave</subfield>
  </datafield>
</record>