

<record>
  <leader>     nz  a22     n  4500</leader>
  <datafield tag="900" ind1=" " ind2=" ">
    <subfield code="a">*J-NÁVRH</subfield>
  </datafield>
  <controlfield tag="001">ntk20201096084</controlfield>
  <controlfield tag="003">CZ PrNK</controlfield>
  <controlfield tag="005">20201209105153.0</controlfield>
  <controlfield tag="008">201209|n|aznnnaabn           n a|a      </controlfield>
  <datafield tag="024" ind1="7" ind2=" ">
    <subfield code="a">0000-0003-0951-5302</subfield>
    <subfield code="2">orcid</subfield>
  </datafield>
  <datafield tag="024" ind1="7" ind2=" ">
    <subfield code="a">Q48089421</subfield>
    <subfield code="2">wikidata</subfield>
  </datafield>
  <datafield tag="040" ind1=" " ind2=" ">
    <subfield code="a">ABA013</subfield>
    <subfield code="b">cze</subfield>
    <subfield code="e">rda</subfield>
  </datafield>
  <datafield tag="100" ind1="1" ind2=" ">
    <subfield code="a">Čepič, Mojca</subfield>
    <subfield code="7">ntk20201096084</subfield>
  </datafield>
  <datafield tag="368" ind1=" " ind2=" ">
    <subfield code="d">Prof.</subfield>
    <subfield code="d">PhD</subfield>
  </datafield>
  <datafield tag="370" ind1=" " ind2=" ">
    <subfield code="c">Slovinsko</subfield>
  </datafield>
  <datafield tag="372" ind1=" " ind2=" ">
    <subfield code="a">fyzika</subfield>
    <subfield code="a">pedagogika</subfield>
    <subfield code="a">fyzika kondenzovaných látek</subfield>
    <subfield code="a">kapalné krystaly</subfield>
  </datafield>
  <datafield tag="373" ind1=" " ind2=" ">
    <subfield code="a">Univerza v Ljubljani</subfield>
    <subfield code="s">1993</subfield>
  </datafield>
  <datafield tag="373" ind1=" " ind2=" ">
    <subfield code="a">Uniwersytet Warszawski</subfield>
    <subfield code="s">2003</subfield>
    <subfield code="t">2005</subfield>
  </datafield>
  <datafield tag="373" ind1=" " ind2=" ">
    <subfield code="a">Univerza v Ljubljani</subfield>
  </datafield>
  <datafield tag="374" ind1=" " ind2=" ">
    <subfield code="a">fyzičky</subfield>
    <subfield code="a">vysokoškolské učitelky</subfield>
  </datafield>
  <datafield tag="375" ind1=" " ind2=" ">
    <subfield code="a">žena</subfield>
  </datafield>
  <datafield tag="377" ind1=" " ind2=" ">
    <subfield code="a">eng</subfield>
    <subfield code="a">slv</subfield>
  </datafield>
  <datafield tag="670" ind1=" " ind2=" ">
    <subfield code="a">Čepič, Mojca: Liquid crystals through experiments, ©2014</subfield>
    <subfield code="b">profesní údaje</subfield>
  </datafield>
  <datafield tag="670" ind1=" " ind2=" ">
    <subfield code="a">CONOR.SI, cit. 9. 12. 2020</subfield>
    <subfield code="b">autoritní forma, další jazyk</subfield>
  </datafield>
  <datafield tag="670" ind1=" " ind2=" ">
    <subfield code="a">www(osobní stránka), cit. 9. 12. 2020</subfield>
    <subfield code="b">profesní údaje</subfield>
    <subfield code="u">https://www.pef.uni-lj.si/531.html</subfield>
  </datafield>
  <datafield tag="670" ind1=" " ind2=" ">
    <subfield code="a">www(wikidata.org), cit. 9. 12. 2020</subfield>
    <subfield code="b">národnost</subfield>
  </datafield>
  <datafield tag="670" ind1=" " ind2=" ">
    <subfield code="a">www(researchgate.net), cit. 9. 12. 2020</subfield>
    <subfield code="b">profesní údaje</subfield>
  </datafield>
  <datafield tag="678" ind1="0" ind2=" ">
    <subfield code="a">zabývá se zejména pedagogikou vědy a fyziky, hlavně nových fyzikálních objevů, a fyzikou kondenzovaných měkkých látek, zejména kapalných krystalů. Publikace v oboru.</subfield>
  </datafield>
  <datafield tag="906" ind1=" " ind2=" ">
    <subfield code="a">za20201209</subfield>
    <subfield code="b">jkre</subfield>
  </datafield>
</record>