

<record>
  <leader>     nz  a22     n  4500</leader>
  <controlfield tag="001">ge1096085</controlfield>
  <controlfield tag="003">CZ PrNK</controlfield>
  <controlfield tag="005">20201211092419.0</controlfield>
  <controlfield tag="008">201209|n|acznnaabn           n a|a      </controlfield>
  <datafield tag="034" ind1=" " ind2=" ">
    <subfield code="d">E014.4685</subfield>
    <subfield code="e">E014.4685</subfield>
    <subfield code="f">N047.3569</subfield>
    <subfield code="g">N047.3569</subfield>
  </datafield>
  <datafield tag="040" ind1=" " ind2=" ">
    <subfield code="a">BOD004</subfield>
    <subfield code="b">cze</subfield>
    <subfield code="d">ABA001</subfield>
  </datafield>
  <datafield tag="043" ind1=" " ind2=" ">
    <subfield code="a">e-au---</subfield>
  </datafield>
  <datafield tag="080" ind1=" " ind2=" ">
    <subfield code="a">(436.4)</subfield>
    <subfield code="2">MRF_2014</subfield>
  </datafield>
  <datafield tag="151" ind1=" " ind2=" ">
    <subfield code="a">Sankt Johann am Tauern (Rakousko)</subfield>
    <subfield code="7">ge1096085</subfield>
  </datafield>
  <datafield tag="670" ind1=" " ind2=" ">
    <subfield code="a">www(Wikipedia, die freie Enzyklopädie)</subfield>
  </datafield>
  <datafield tag="678" ind1=" " ind2=" ">
    <subfield code="a">Město ve spolkové zemi Štýrsko.</subfield>
  </datafield>
  <datafield tag="751" ind1="0" ind2="7">
    <subfield code="a">Sankt Johann am Tauern (Austria)</subfield>
    <subfield code="2">eczenas</subfield>
  </datafield>
  <datafield tag="856" ind1="4" ind2="2">
    <subfield code="u">https://de.wikipedia.org/wiki/Sankt_Johann_am_Tauern</subfield>
    <subfield code="4">N</subfield>
  </datafield>
  <datafield tag="GPS" ind1=" " ind2=" ">
    <subfield code="a">47°21'24.7"N</subfield>
    <subfield code="c">14°28'6.7"E</subfield>
  </datafield>
  <datafield tag="956" ind1="4" ind2=" ">
    <subfield code="u">http://aleph.nkp.cz/aleph-cgi/show_map?ll=47.35686,14.46853&amp;z=12</subfield>
    <subfield code="y">Zobrazit na mapě</subfield>
    <subfield code="4">N</subfield>
  </datafield>
  <datafield tag="906" ind1=" " ind2=" ">
    <subfield code="a">za20201209</subfield>
    <subfield code="b">kourilova</subfield>
  </datafield>
  <datafield tag="906" ind1=" " ind2=" ">
    <subfield code="a">wr20201211</subfield>
    <subfield code="b">napo</subfield>
  </datafield>
  <datafield tag="950" ind1="1" ind2=" ">
    <subfield code="a">správní celek</subfield>
  </datafield>
</record>