

<record>
  <leader>     nz  a22     n  4500</leader>
  <controlfield tag="001">jo20201096104</controlfield>
  <controlfield tag="003">CZ PrNK</controlfield>
  <controlfield tag="005">20201209111831.0</controlfield>
  <controlfield tag="008">201209|n|aznnnaabn           n a|a      </controlfield>
  <datafield tag="040" ind1=" " ind2=" ">
    <subfield code="a">ABA001</subfield>
    <subfield code="b">cze</subfield>
    <subfield code="e">rda</subfield>
  </datafield>
  <datafield tag="046" ind1=" " ind2=" ">
    <subfield code="f">1986</subfield>
  </datafield>
  <datafield tag="100" ind1="1" ind2=" ">
    <subfield code="a">Velzel, Tomáš,</subfield>
    <subfield code="d">1986-</subfield>
    <subfield code="7">jo20201096104</subfield>
  </datafield>
  <datafield tag="370" ind1=" " ind2=" ">
    <subfield code="c">Česko</subfield>
    <subfield code="f">Zábřeh, Šumperk, Česko</subfield>
    <subfield code="f">Šumperk, Česko</subfield>
    <subfield code="f">Mohelnice, Šumperk, Česko</subfield>
  </datafield>
  <datafield tag="372" ind1=" " ind2=" ">
    <subfield code="a">výtvarná činnost</subfield>
    <subfield code="a">hudba</subfield>
    <subfield code="a">divadlo</subfield>
    <subfield code="a">výchova a vzdělávání</subfield>
    <subfield code="a">osobní asistence</subfield>
  </datafield>
  <datafield tag="374" ind1=" " ind2=" ">
    <subfield code="a">výtvarní umělci</subfield>
    <subfield code="a">hudebníci</subfield>
    <subfield code="a">divadelní herci</subfield>
    <subfield code="a">učitelé mateřských škol</subfield>
  </datafield>
  <datafield tag="375" ind1=" " ind2=" ">
    <subfield code="a">muž</subfield>
  </datafield>
  <datafield tag="377" ind1=" " ind2=" ">
    <subfield code="a">cze</subfield>
  </datafield>
  <datafield tag="670" ind1=" " ind2=" ">
    <subfield code="a">Šťastná, Kateřina: Pauline Jaricot :malá holka, která vykonala velké dílo (Ilustrace: Tomáš Velzel), 2020</subfield>
    <subfield code="b">autoritní forma</subfield>
  </datafield>
  <datafield tag="670" ind1=" " ind2=" ">
    <subfield code="a">www(Živnostenský rejstřík), cit. 9. 12. 2020</subfield>
    <subfield code="b">datum narození</subfield>
  </datafield>
  <datafield tag="670" ind1=" " ind2=" ">
    <subfield code="a">www(osobní stránka), cit. 9. 12. 2020</subfield>
    <subfield code="b">biografické údaje</subfield>
    <subfield code="u">http://tomasvelzel.cz</subfield>
  </datafield>
  <datafield tag="670" ind1=" " ind2=" ">
    <subfield code="a">www(Herec - Divadélko S RADOSTÍ), cit. 9. 12. 2020</subfield>
    <subfield code="b">biografické údaje</subfield>
  </datafield>
  <datafield tag="678" ind1="0" ind2=" ">
    <subfield code="a">Narozen 4. 8. 1986. Ilustrátor, malíř, grafik. Písničkář, zpěvák, hudebník. Zakladatel a herec Divadélka S RADOSTÍ. Učitel mateřské školy, asistent pedagoga na základní škole, osobní asistent v denním stacionáři pro osoby s postižením.</subfield>
  </datafield>
  <datafield tag="906" ind1=" " ind2=" ">
    <subfield code="a">br20201209</subfield>
    <subfield code="b">kurd</subfield>
  </datafield>
</record>