

<record>
  <leader>     nz  a22     n  4500</leader>
  <controlfield tag="001">aun20201096108</controlfield>
  <controlfield tag="003">CZ PrNK</controlfield>
  <controlfield tag="005">20201209113739.0</controlfield>
  <controlfield tag="008">201209|n|aznnnaabn           n a|a      </controlfield>
  <datafield tag="040" ind1=" " ind2=" ">
    <subfield code="a">ABA001</subfield>
    <subfield code="b">cze</subfield>
    <subfield code="e">rda</subfield>
  </datafield>
  <datafield tag="100" ind1="1" ind2=" ">
    <subfield code="a">Fauré, Gabriel,</subfield>
    <subfield code="d">1845-1924.</subfield>
    <subfield code="t">Fantaisies,</subfield>
    <subfield code="m">klavír, orchestr,</subfield>
    <subfield code="n">op. 111</subfield>
    <subfield code="7">aun20201096108</subfield>
  </datafield>
  <datafield tag="380" ind1=" " ind2=" ">
    <subfield code="a">fantazie (hudba)</subfield>
  </datafield>
  <datafield tag="382" ind1="0" ind2=" ">
    <subfield code="a">klavír</subfield>
    <subfield code="n">1</subfield>
    <subfield code="a">orchestr</subfield>
  </datafield>
  <datafield tag="383" ind1=" " ind2=" ">
    <subfield code="b">op. 111</subfield>
  </datafield>
  <datafield tag="383" ind1=" " ind2=" ">
    <subfield code="c">N. 184b</subfield>
    <subfield code="d">Nectoux</subfield>
  </datafield>
  <datafield tag="384" ind1=" " ind2=" ">
    <subfield code="a">G dur</subfield>
  </datafield>
  <datafield tag="400" ind1="1" ind2=" ">
    <subfield code="a">Fauré, Gabriel,</subfield>
    <subfield code="d">1845-1924.</subfield>
    <subfield code="t">Fantazie,</subfield>
    <subfield code="m">klavír, orchestr,</subfield>
    <subfield code="n">op. 111</subfield>
    <subfield code="0">o</subfield>
  </datafield>
  <datafield tag="670" ind1=" " ind2=" ">
    <subfield code="a">Berceuse pour violon et orchestre, op. 16, N 50b / Gabriel Fauré. Kassel, 2016.</subfield>
  </datafield>
  <datafield tag="670" ind1=" " ind2=" ">
    <subfield code="a">LC (Names), cit. 9. 12. 2020</subfield>
  </datafield>
  <datafield tag="670" ind1=" " ind2=" ">
    <subfield code="a">Grove on line, cit. 9. 12. 2020</subfield>
    <subfield code="b">(op. 111 Fantaisie, pf, orch, G, 1918 (1919))</subfield>
  </datafield>
  <datafield tag="906" ind1=" " ind2=" ">
    <subfield code="a">br20201209</subfield>
    <subfield code="b">habo</subfield>
  </datafield>
</record>