

<record>
  <leader>     nz  a22     n  4500</leader>
  <controlfield tag="001">ko20201096112</controlfield>
  <controlfield tag="003">CZ PrNK</controlfield>
  <controlfield tag="005">20201209123430.0</controlfield>
  <controlfield tag="008">201209|n|aznnnaabn           n a|a      </controlfield>
  <datafield tag="040" ind1=" " ind2=" ">
    <subfield code="a">ABA001</subfield>
    <subfield code="b">cze</subfield>
    <subfield code="e">rda</subfield>
  </datafield>
  <datafield tag="110" ind1="2" ind2=" ">
    <subfield code="a">Spolek pro průmysl pivovarský v Království českém</subfield>
    <subfield code="7">ko20201096112</subfield>
  </datafield>
  <datafield tag="370" ind1=" " ind2=" ">
    <subfield code="c">Česko</subfield>
    <subfield code="e">Praha, Česko</subfield>
    <subfield code="f">České království</subfield>
    <subfield code="f">Rakousko-Uhersko</subfield>
  </datafield>
  <datafield tag="372" ind1=" " ind2=" ">
    <subfield code="a">pivovarnictví</subfield>
  </datafield>
  <datafield tag="372" ind1=" " ind2=" ">
    <subfield code="a">profesní svazy</subfield>
    <subfield code="a">profesní organizace</subfield>
  </datafield>
  <datafield tag="377" ind1=" " ind2=" ">
    <subfield code="a">cze</subfield>
  </datafield>
  <datafield tag="410" ind1="2" ind2=" ">
    <subfield code="a">Brauindustrieverein im Königreiche Böhmen</subfield>
    <subfield code="2">czeger</subfield>
    <subfield code="0">o</subfield>
  </datafield>
  <datafield tag="410" ind1="2" ind2=" ">
    <subfield code="a">Brauindustrieverein für Königreiche Böhmen</subfield>
    <subfield code="2">czeger</subfield>
    <subfield code="0">o</subfield>
  </datafield>
  <datafield tag="510" ind1="2" ind2=" ">
    <subfield code="w">b</subfield>
    <subfield code="a">Spolek pro průmysl pivovarský v Čechách</subfield>
    <subfield code="7">ko20201076068</subfield>
  </datafield>
  <datafield tag="510" ind1="2" ind2=" ">
    <subfield code="a">Ochranný svaz pivovarů v Království českém</subfield>
    <subfield code="7">ko20201076086</subfield>
  </datafield>
  <datafield tag="665" ind1=" " ind2=" ">
    <subfield code="a">Tento název se používal v letech 1873-1919. Novější název: Spolek pro průmysl pivovarský v Čechách (1919-1948).</subfield>
    <subfield code="a">V r. 1907 byl založen Ochranný svaz pivovarů v Království českém. Tento svaz převzal velkou část spolkové agendy a obě tyto organizace se vzájemně doplňovaly. Ochranný svaz byl převážně „organizačně administrativní“ organizací, zatímco Spolek se zabýval hlavně technickými otázkami.</subfield>
  </datafield>
  <datafield tag="670" ind1=" " ind2=" ">
    <subfield code="a">www(Pivo-pivo.cz - Spolek pro průmysl pivovarský v Čechách), cit. 10. 6. 2020</subfield>
    <subfield code="u">https://www.pivo-pivo.cz/svetpiva/clanek/457-Vznik-Ceskeho-svazu-pivovaru-a-sladoven-a-historie-Spolku-pro-prumysl-pivovarsky/index.htm</subfield>
  </datafield>
  <datafield tag="906" ind1=" " ind2=" ">
    <subfield code="a">br20201209</subfield>
    <subfield code="b">svsv</subfield>
  </datafield>
</record>