

<record>
  <leader>     nz  a22     n  4500</leader>
  <controlfield tag="001">ko20201096121</controlfield>
  <controlfield tag="003">CZ PrNK</controlfield>
  <controlfield tag="005">20201209120548.0</controlfield>
  <controlfield tag="008">201209|n|aznnnaabn           n a|a      </controlfield>
  <datafield tag="040" ind1=" " ind2=" ">
    <subfield code="a">ABA001</subfield>
    <subfield code="b">cze</subfield>
    <subfield code="e">rda</subfield>
  </datafield>
  <datafield tag="110" ind1="2" ind2=" ">
    <subfield code="a">Ochranný svaz pivovarů v Čechách</subfield>
    <subfield code="7">ko20201096121</subfield>
  </datafield>
  <datafield tag="370" ind1=" " ind2=" ">
    <subfield code="c">Česko</subfield>
    <subfield code="e">Praha, Česko</subfield>
    <subfield code="f">Československo</subfield>
  </datafield>
  <datafield tag="372" ind1=" " ind2=" ">
    <subfield code="a">pivovarnictví</subfield>
  </datafield>
  <datafield tag="372" ind1=" " ind2=" ">
    <subfield code="a">profesní svazy</subfield>
  </datafield>
  <datafield tag="377" ind1=" " ind2=" ">
    <subfield code="a">cze</subfield>
    <subfield code="a">ger</subfield>
  </datafield>
  <datafield tag="410" ind1="2" ind2=" ">
    <subfield code="a">Schutzverband der Brauereien im Böhmen</subfield>
    <subfield code="2">czeger</subfield>
    <subfield code="0">o</subfield>
  </datafield>
  <datafield tag="510" ind1="2" ind2=" ">
    <subfield code="w">a</subfield>
    <subfield code="a">Ochranný svaz pivovarů v Království českém</subfield>
    <subfield code="7">ko20201076086</subfield>
  </datafield>
  <datafield tag="510" ind1="2" ind2=" ">
    <subfield code="a">Spolek pro průmysl pivovarský v Čechách</subfield>
    <subfield code="7">ko20201076068</subfield>
  </datafield>
  <datafield tag="665" ind1=" " ind2=" ">
    <subfield code="a">Tento název se používal v letech 1919-1939(?). Dřívější název: Ochranný svaz pivovarů v Království českém (1907-1919).</subfield>
    <subfield code="a">Korporace úzce spolupracovala se Spolkem pro průmysl pivovarský v Čechách, obě tyto organizace se vzájemně doplňovaly. Ochranný svaz byl převážně „organizačně administrativní“ organizací, zatímco Spolek se zabýval hlavně technickými otázkami.</subfield>
  </datafield>
  <datafield tag="670" ind1=" " ind2=" ">
    <subfield code="a">Bericht des Schutzverbandes der Brauereien im Böhmen : über seine Tätigkeit im Jahre ...</subfield>
  </datafield>
  <datafield tag="670" ind1=" " ind2=" ">
    <subfield code="a">www(Výzkumný ústav pivovarský a sladařský - Historie ústavu), cit. 9. 12. 2020</subfield>
    <subfield code="b">autoritní forma</subfield>
  </datafield>
  <datafield tag="670" ind1=" " ind2=" ">
    <subfield code="a">www(Pivo-pivo.cz - Spolek pro průmysl pivovarský v Čechách), cit. 10. 6. 2020</subfield>
    <subfield code="u">https://www.pivo-pivo.cz/svetpiva/clanek/457-Vznik-Ceskeho-svazu-pivovaru-a-sladoven-a-historie-Spolku-pro-prumysl-pivovarsky/index.htm</subfield>
  </datafield>
  <datafield tag="906" ind1=" " ind2=" ">
    <subfield code="a">br20201209</subfield>
    <subfield code="b">svsv</subfield>
  </datafield>
</record>