

<record>
  <leader>     nz  a22     n  4500</leader>
  <controlfield tag="001">aun20201096127</controlfield>
  <controlfield tag="003">CZ PrNK</controlfield>
  <controlfield tag="005">20201209122750.0</controlfield>
  <controlfield tag="008">201209|n|aznnnaabn           n a|a      </controlfield>
  <datafield tag="040" ind1=" " ind2=" ">
    <subfield code="a">ABA001</subfield>
    <subfield code="b">cze</subfield>
    <subfield code="e">rda</subfield>
  </datafield>
  <datafield tag="100" ind1="1" ind2=" ">
    <subfield code="a">Fauré, Gabriel,</subfield>
    <subfield code="d">1845-1924.</subfield>
    <subfield code="t">Berceuses,</subfield>
    <subfield code="m">housle, klavír,</subfield>
    <subfield code="n">op. 16,</subfield>
    <subfield code="r">D dur;</subfield>
    <subfield code="o">aranžmá</subfield>
    <subfield code="7">aun20201096127</subfield>
  </datafield>
  <datafield tag="381" ind1=" " ind2=" ">
    <subfield code="a">aranžmá (hudba)</subfield>
  </datafield>
  <datafield tag="400" ind1="1" ind2=" ">
    <subfield code="a">Fauré, Gabriel,</subfield>
    <subfield code="d">1845-1924.</subfield>
    <subfield code="t">Ukolébavky,</subfield>
    <subfield code="m">housle, klavír,</subfield>
    <subfield code="n">op. 16,</subfield>
    <subfield code="r">D dur;</subfield>
    <subfield code="o">aranžmá</subfield>
    <subfield code="0">o</subfield>
  </datafield>
  <datafield tag="400" ind1="1" ind2=" ">
    <subfield code="a">Fauré, Gabriel,</subfield>
    <subfield code="d">1845-1924.</subfield>
    <subfield code="t">Berceuses,</subfield>
    <subfield code="m">housle, orchestr,</subfield>
    <subfield code="n">op. 16,</subfield>
    <subfield code="r">D dur</subfield>
    <subfield code="0">o</subfield>
  </datafield>
  <datafield tag="400" ind1="1" ind2=" ">
    <subfield code="a">Fauré, Gabriel,</subfield>
    <subfield code="d">1845-1924.</subfield>
    <subfield code="t">Berceuses,</subfield>
    <subfield code="m">violoncello, kytara,</subfield>
    <subfield code="n">op. 16,</subfield>
    <subfield code="r">D dur</subfield>
    <subfield code="0">o</subfield>
  </datafield>
  <datafield tag="400" ind1="1" ind2=" ">
    <subfield code="a">Fauré, Gabriel,</subfield>
    <subfield code="d">1845-1924.</subfield>
    <subfield code="t">Berceuses,</subfield>
    <subfield code="m">violoncello, klavír,</subfield>
    <subfield code="n">op. 16,</subfield>
    <subfield code="r">D dur</subfield>
    <subfield code="0">o</subfield>
  </datafield>
  <datafield tag="400" ind1="1" ind2=" ">
    <subfield code="a">Fauré, Gabriel,</subfield>
    <subfield code="d">1845-1924.</subfield>
    <subfield code="t">Berceuses,</subfield>
    <subfield code="m">flétna, kytara,</subfield>
    <subfield code="n">op. 16,</subfield>
    <subfield code="r">D dur</subfield>
    <subfield code="0">o</subfield>
  </datafield>
  <datafield tag="400" ind1="1" ind2=" ">
    <subfield code="a">Fauré, Gabriel,</subfield>
    <subfield code="d">1845-1924.</subfield>
    <subfield code="t">Berceuses,</subfield>
    <subfield code="m">flétna, harfa,</subfield>
    <subfield code="n">op. 16,</subfield>
    <subfield code="r">D dur</subfield>
    <subfield code="0">o</subfield>
  </datafield>
  <datafield tag="400" ind1="1" ind2=" ">
    <subfield code="a">Fauré, Gabriel,</subfield>
    <subfield code="d">1845-1924.</subfield>
    <subfield code="t">Berceuses,</subfield>
    <subfield code="m">flétna, harfa,</subfield>
    <subfield code="n">op. 16,</subfield>
    <subfield code="r">G dur</subfield>
    <subfield code="0">o</subfield>
  </datafield>
  <datafield tag="400" ind1="1" ind2=" ">
    <subfield code="a">Fauré, Gabriel,</subfield>
    <subfield code="d">1845-1924.</subfield>
    <subfield code="t">Berceuses,</subfield>
    <subfield code="m">flétna, klavír,</subfield>
    <subfield code="n">op. 16,</subfield>
    <subfield code="r">D dur</subfield>
    <subfield code="0">o</subfield>
  </datafield>
  <datafield tag="400" ind1="1" ind2=" ">
    <subfield code="a">Fauré, Gabriel,</subfield>
    <subfield code="d">1845-1924.</subfield>
    <subfield code="t">Berceuses,</subfield>
    <subfield code="m">flétna, klavír,</subfield>
    <subfield code="n">op. 16,</subfield>
    <subfield code="r">F dur</subfield>
    <subfield code="0">o</subfield>
  </datafield>
  <datafield tag="400" ind1="1" ind2=" ">
    <subfield code="a">Fauré, Gabriel,</subfield>
    <subfield code="d">1845-1924.</subfield>
    <subfield code="t">Berceuses,</subfield>
    <subfield code="m">flétna, klavír,</subfield>
    <subfield code="n">op. 16,</subfield>
    <subfield code="r">G dur</subfield>
    <subfield code="0">o</subfield>
  </datafield>
  <datafield tag="400" ind1="1" ind2=" ">
    <subfield code="a">Fauré, Gabriel,</subfield>
    <subfield code="d">1845-1924.</subfield>
    <subfield code="t">Berceuses,</subfield>
    <subfield code="m">saxofon, klavír,</subfield>
    <subfield code="n">op. 16,</subfield>
    <subfield code="r">D dur</subfield>
    <subfield code="0">o</subfield>
  </datafield>
  <datafield tag="400" ind1="1" ind2=" ">
    <subfield code="a">Fauré, Gabriel,</subfield>
    <subfield code="d">1845-1924.</subfield>
    <subfield code="t">Berceuses,</subfield>
    <subfield code="m">viola, klavír,</subfield>
    <subfield code="n">op. 16,</subfield>
    <subfield code="r">D dur</subfield>
    <subfield code="0">o</subfield>
  </datafield>
  <datafield tag="670" ind1=" " ind2=" ">
    <subfield code="a">Berceuse pour violon et orchestre, op. 16, N 50b / Gabriel Fauré. Kassel, 2016.</subfield>
  </datafield>
  <datafield tag="670" ind1=" " ind2=" ">
    <subfield code="a">LC (Names), cit. 9. 12. 2020</subfield>
  </datafield>
  <datafield tag="906" ind1=" " ind2=" ">
    <subfield code="a">br20201209</subfield>
    <subfield code="b">habo</subfield>
  </datafield>
</record>