

<record>
  <leader>     nz  a22     n  4500</leader>
  <controlfield tag="001">jo20201096135</controlfield>
  <controlfield tag="003">CZ PrNK</controlfield>
  <controlfield tag="005">20201209124322.0</controlfield>
  <controlfield tag="008">201209|n|aznnnaabn           n a|a      </controlfield>
  <datafield tag="024" ind1="7" ind2=" ">
    <subfield code="a">0000-0002-0770-943X</subfield>
    <subfield code="2">orcid</subfield>
  </datafield>
  <datafield tag="040" ind1=" " ind2=" ">
    <subfield code="a">ABA001</subfield>
    <subfield code="b">cze</subfield>
    <subfield code="e">rda</subfield>
  </datafield>
  <datafield tag="100" ind1="1" ind2=" ">
    <subfield code="a">Srhir, Adil Moustaoui</subfield>
    <subfield code="7">jo20201096135</subfield>
  </datafield>
  <datafield tag="370" ind1=" " ind2=" ">
    <subfield code="c">Maroko</subfield>
    <subfield code="c">Španělsko</subfield>
    <subfield code="f">Madrid, Španělsko</subfield>
  </datafield>
  <datafield tag="372" ind1=" " ind2=" ">
    <subfield code="a">lingvistika</subfield>
    <subfield code="a">arabistika</subfield>
    <subfield code="a">sociolingvistika</subfield>
  </datafield>
  <datafield tag="374" ind1=" " ind2=" ">
    <subfield code="a">lingvisté</subfield>
    <subfield code="a">arabisté</subfield>
    <subfield code="a">vysokoškolští učitelé</subfield>
  </datafield>
  <datafield tag="375" ind1=" " ind2=" ">
    <subfield code="a">muž</subfield>
  </datafield>
  <datafield tag="377" ind1=" " ind2=" ">
    <subfield code="a">eng</subfield>
  </datafield>
  <datafield tag="400" ind1="1" ind2=" ">
    <subfield code="a">Moustaoui Srhir, Adil</subfield>
    <subfield code="0">o</subfield>
  </datafield>
  <datafield tag="670" ind1=" " ind2=" ">
    <subfield code="a">Srhir, Adil Moustaoui: Sociolinguistics of Moroccan Arabic, 2016</subfield>
    <subfield code="b">biografické údaje</subfield>
  </datafield>
  <datafield tag="670" ind1=" " ind2=" ">
    <subfield code="a">LC (Names), cit. 9. 11. 2020</subfield>
    <subfield code="b">autoritní forma, odkaz viz, biografické údaje</subfield>
  </datafield>
  <datafield tag="678" ind1="0" ind2=" ">
    <subfield code="a">Lingvista, arabista, sociolingvista, odborník na marockou arabštinu, sociální komunikaci a jazykovou politiku a plánování, vysokoškolský pedagog. Autor publikací z oboru. Působí ve Španělsku.</subfield>
  </datafield>
  <datafield tag="906" ind1=" " ind2=" ">
    <subfield code="a">br20201209</subfield>
    <subfield code="b">kurd</subfield>
  </datafield>
</record>