

<record>
  <leader>     cz  a22     n  4500</leader>
  <controlfield tag="001">xx0255057</controlfield>
  <controlfield tag="003">CZ PrNK</controlfield>
  <controlfield tag="005">20201209130834.0</controlfield>
  <controlfield tag="008">201209|n|aznnnaabn           n a|a      </controlfield>
  <datafield tag="040" ind1=" " ind2=" ">
    <subfield code="a">ABA008</subfield>
    <subfield code="b">cze</subfield>
    <subfield code="d">ABA001</subfield>
    <subfield code="e">rda</subfield>
  </datafield>
  <datafield tag="110" ind1="2" ind2=" ">
    <subfield code="a">Česká asociace pro vzácná onemocnění</subfield>
    <subfield code="7">xx0255057</subfield>
  </datafield>
  <datafield tag="MOR" ind1="1" ind2=" ">
    <subfield code="a">Česká asociace pro vzácná onemocnění (spolek)</subfield>
    <subfield code="7">xx0255057</subfield>
  </datafield>
  <datafield tag="368" ind1=" " ind2=" ">
    <subfield code="a">spolky</subfield>
  </datafield>
  <datafield tag="370" ind1=" " ind2=" ">
    <subfield code="c">Česko</subfield>
    <subfield code="e">Praha, Česko</subfield>
  </datafield>
  <datafield tag="372" ind1=" " ind2=" ">
    <subfield code="a">vzácné nemoci</subfield>
  </datafield>
  <datafield tag="377" ind1=" " ind2=" ">
    <subfield code="a">cze</subfield>
  </datafield>
  <datafield tag="410" ind1="2" ind2=" ">
    <subfield code="a">ČAVO</subfield>
    <subfield code="0">o</subfield>
  </datafield>
  <datafield tag="410" ind1="2" ind2=" ">
    <subfield code="a">Česká asociace pro vzácná onemocnění, z.s.</subfield>
    <subfield code="0">o</subfield>
  </datafield>
  <datafield tag="670" ind1=" " ind2=" ">
    <subfield code="a">V době pandemie onemocnění Covid-19 jsou pacienti se vzácnými onemocněními vysoce rizikovou skupinou, Praha, 2020</subfield>
    <subfield code="b">autoritní forma, odkaz viz, sidlo korporace</subfield>
  </datafield>
  <datafield tag="670" ind1=" " ind2=" ">
    <subfield code="a">www(Česká asociace pro vzácná onemocnění), cit. 9. 12. 2020</subfield>
    <subfield code="u">http://vzacna-onemocneni.cz/</subfield>
    <subfield code="b">odkaz viz</subfield>
  </datafield>
  <datafield tag="856" ind1="4" ind2="2">
    <subfield code="u">http://vzacna-onemocneni.cz/</subfield>
    <subfield code="4">N</subfield>
  </datafield>
  <datafield tag="906" ind1=" " ind2=" ">
    <subfield code="a">za20201209</subfield>
    <subfield code="b">xdapi</subfield>
  </datafield>
  <datafield tag="906" ind1=" " ind2=" ">
    <subfield code="a">oz20201209</subfield>
    <subfield code="b">svsv</subfield>
    <subfield code="c">Záhlaví - oprava; URL - oprava</subfield>
  </datafield>
</record>