

<record>
  <leader>     nz  a22     n  4500</leader>
  <datafield tag="900" ind1=" " ind2=" ">
    <subfield code="a">J-NÁVRH-STT</subfield>
  </datafield>
  <controlfield tag="001">jo20201096141</controlfield>
  <controlfield tag="003">CZ PrNK</controlfield>
  <controlfield tag="005">20201209125204.0</controlfield>
  <controlfield tag="008">201209|n|aznnnaabn           n a|a      </controlfield>
  <datafield tag="040" ind1=" " ind2=" ">
    <subfield code="a">ABA001</subfield>
    <subfield code="b">cze</subfield>
    <subfield code="e">rda</subfield>
  </datafield>
  <datafield tag="046" ind1=" " ind2=" ">
    <subfield code="f">1717</subfield>
    <subfield code="g">1767</subfield>
  </datafield>
  <datafield tag="100" ind1="1" ind2=" ">
    <subfield code="a">Mašek, Jan František,</subfield>
    <subfield code="d">asi 1717-1767</subfield>
    <subfield code="7">jo20201096141</subfield>
  </datafield>
  <datafield tag="368" ind1=" " ind2=" ">
    <subfield code="d">mistr svobodných umění a filozofie</subfield>
    <subfield code="d">bakalář teologie</subfield>
    <subfield code="d">děkan v Kostelci nad Labem</subfield>
  </datafield>
  <datafield tag="370" ind1=" " ind2=" ">
    <subfield code="a">Praha, Česko</subfield>
    <subfield code="b">Kostelec nad Labem, Česko</subfield>
    <subfield code="c">Česko</subfield>
    <subfield code="f">Zbiroh, Česko</subfield>
    <subfield code="f">Chotětov, Česko</subfield>
  </datafield>
  <datafield tag="372" ind1=" " ind2=" ">
    <subfield code="a">církevní správa</subfield>
    <subfield code="a">homiletika</subfield>
  </datafield>
  <datafield tag="374" ind1=" " ind2=" ">
    <subfield code="a">kněží</subfield>
    <subfield code="a">faráři</subfield>
    <subfield code="a">kazatelé</subfield>
  </datafield>
  <datafield tag="375" ind1=" " ind2=" ">
    <subfield code="a">muž</subfield>
  </datafield>
  <datafield tag="377" ind1=" " ind2=" ">
    <subfield code="a">cze</subfield>
    <subfield code="a">lat</subfield>
  </datafield>
  <datafield tag="400" ind1="1" ind2=" ">
    <subfield code="a">Massek, Jan Frantissek,</subfield>
    <subfield code="d">asi 1717-1767</subfield>
    <subfield code="0">o</subfield>
  </datafield>
  <datafield tag="670" ind1=" " ind2=" ">
    <subfield code="a">Rok Milostiwý Padesát=létý w Manželstwu, Totiž: W Plnosti Dnů, a w padesáti Létech od Roku 1714. Dne 11. Měsýce Cžerwna, na den Weyročnj Swatého Manželstwa w Roku 1764. oslawowaný, Od ... Manželůw Wácslawa Forssta, A Barbory Forsstowé, ... Chwálo=Ržečj zwelebený Od ... Jana Frantisska Massek, A.A. L.L. a Phil. Mjstra, S.S. Theol. Bakaláře, na ... Panstwj Brandegským a Přerowským ... Města Kostelce na Laby Děkana. ... W PRAZE, Wytisstěný v Fických=a Hladkowských Dědičů, skrz Jana Norberta Fickýho Faktora. 1764</subfield>
    <subfield code="b">odkaz viz, biografické údaje</subfield>
  </datafield>
  <datafield tag="670" ind1=" " ind2=" ">
    <subfield code="a">Pumprla, Václav: Knihopisný slovník českých, slovenských a cizích autorů 16.-18. století, 2010</subfield>
    <subfield code="b">autoritní forma, biografické údaje</subfield>
  </datafield>
  <datafield tag="670" ind1=" " ind2=" ">
    <subfield code="a">Podlaha, Antonín: Dodatky a opravy k bibliografiím starších spisovatelů českých a k starší české bibliografii. Časopis Musea Království českého, 1897, roč. 71, s. 148.</subfield>
    <subfield code="b">biografické údaje</subfield>
  </datafield>
  <datafield tag="678" ind1="0" ind2=" ">
    <subfield code="a">Narozen kolem r. 1717 v Praze (Česko), zemřel 21.11. 1767 v Kostelci nad Labem (Česko). Katolický kněz a farář. Autor příležitostného kázání z r. 1764.</subfield>
  </datafield>
  <datafield tag="906" ind1=" " ind2=" ">
    <subfield code="a">za20201209</subfield>
    <subfield code="b">dama</subfield>
  </datafield>
</record>