

<record>
  <leader>     nz  a22     n  4500</leader>
  <controlfield tag="001">aun20201096154</controlfield>
  <controlfield tag="003">CZ PrNK</controlfield>
  <controlfield tag="005">20201209131215.0</controlfield>
  <controlfield tag="008">201209|n|aznnnaabn           n a|a      </controlfield>
  <datafield tag="040" ind1=" " ind2=" ">
    <subfield code="a">ABA001</subfield>
    <subfield code="b">cze</subfield>
    <subfield code="e">rda</subfield>
  </datafield>
  <datafield tag="100" ind1="1" ind2=" ">
    <subfield code="a">Montgomery, Lucy Maud,</subfield>
    <subfield code="d">1874-1942.</subfield>
    <subfield code="t">Anne of Windy Poplars.</subfield>
    <subfield code="l">Česky</subfield>
    <subfield code="7">aun20201096154</subfield>
  </datafield>
  <datafield tag="400" ind1="1" ind2=" ">
    <subfield code="a">Montgomery, Lucy Maud,</subfield>
    <subfield code="d">1874-1942.</subfield>
    <subfield code="t">Anna ze Summerside</subfield>
    <subfield code="0">o</subfield>
  </datafield>
  <datafield tag="670" ind1=" " ind2=" ">
    <subfield code="a">LC (Names), cit. 09. 12. 2020</subfield>
  </datafield>
  <datafield tag="670" ind1=" " ind2=" ">
    <subfield code="a">BLPC, cit. 09. 12. 2020</subfield>
  </datafield>
  <datafield tag="670" ind1=" " ind2=" ">
    <subfield code="a">www(Wikipedie, otevřená encyklopedie), cit. 09. 12. 2020</subfield>
  </datafield>
  <datafield tag="670" ind1=" " ind2=" ">
    <subfield code="a">Lucy Maud Montgomeryová : Anna ze Summerside. V Praze : Albatros, 2020</subfield>
  </datafield>
  <datafield tag="906" ind1=" " ind2=" ">
    <subfield code="a">br20201209</subfield>
    <subfield code="b">blau</subfield>
  </datafield>
  <datafield tag="906" ind1=" " ind2=" ">
    <subfield code="a">ks20201209</subfield>
    <subfield code="b">blau</subfield>
  </datafield>
</record>