

<record>
  <leader>     nz  a22     n  4500</leader>
  <datafield tag="900" ind1=" " ind2=" ">
    <subfield code="a">J-NÁVRH-S</subfield>
  </datafield>
  <controlfield tag="001">js20201096155</controlfield>
  <controlfield tag="003">CZ PrNK</controlfield>
  <controlfield tag="005">20201209131246.0</controlfield>
  <controlfield tag="008">201209|n|aznnnaabn           n a|a      </controlfield>
  <datafield tag="040" ind1=" " ind2=" ">
    <subfield code="a">ABA004</subfield>
    <subfield code="b">cze</subfield>
    <subfield code="e">rda</subfield>
  </datafield>
  <datafield tag="046" ind1=" " ind2=" ">
    <subfield code="f">1974</subfield>
  </datafield>
  <datafield tag="100" ind1="1" ind2=" ">
    <subfield code="a">Medved‘, Aleksandr Nikolajevič,</subfield>
    <subfield code="d">1974-</subfield>
    <subfield code="7">js20201096155</subfield>
  </datafield>
  <datafield tag="370" ind1=" " ind2=" ">
    <subfield code="c">Rusko</subfield>
  </datafield>
  <datafield tag="372" ind1=" " ind2=" ">
    <subfield code="a">dějiny</subfield>
    <subfield code="a">dějiny přírodních věd</subfield>
    <subfield code="a">archeologie</subfield>
  </datafield>
  <datafield tag="374" ind1=" " ind2=" ">
    <subfield code="a">historici</subfield>
    <subfield code="a">kulturologové</subfield>
    <subfield code="a">vysokoškolští učitelé</subfield>
  </datafield>
  <datafield tag="375" ind1=" " ind2=" ">
    <subfield code="a">muž</subfield>
  </datafield>
  <datafield tag="377" ind1=" " ind2=" ">
    <subfield code="a">rus</subfield>
  </datafield>
  <datafield tag="400" ind1="1" ind2=" ">
    <subfield code="a">Medved‘, A. N.,</subfield>
    <subfield code="d">1974-</subfield>
    <subfield code="0">o</subfield>
  </datafield>
  <datafield tag="670" ind1=" " ind2=" ">
    <subfield code="a">RSL, cit. 9. 12. 2020</subfield>
    <subfield code="b">autoritní forma, datum narození</subfield>
  </datafield>
  <datafield tag="670" ind1=" " ind2=" ">
    <subfield code="a">Medved‘, A. N.: Bolezn‘ i bol‘nyje v Drevnej Rusi :ot "rudometa" do "dochtura" : vzgljad s pozicij istoričeskoj antropologii ; 2017</subfield>
    <subfield code="b">profesní údaje, odkaz viz</subfield>
  </datafield>
  <datafield tag="678" ind1="0" ind2=" ">
    <subfield code="a">Ruský historik a kulturolog se zaměřením na dějiny přírodních věd a archeologii, vysokoškolský učitel.</subfield>
  </datafield>
  <datafield tag="906" ind1=" " ind2=" ">
    <subfield code="a">za20201209</subfield>
    <subfield code="b">mahr</subfield>
  </datafield>
</record>