

<record>
  <leader>     nz  a22     n  4500</leader>
  <datafield tag="900" ind1=" " ind2=" ">
    <subfield code="a">*J-NÁVRH</subfield>
  </datafield>
  <controlfield tag="001">mzk20201096160</controlfield>
  <controlfield tag="003">CZ PrNK</controlfield>
  <controlfield tag="005">20201209141328.0</controlfield>
  <controlfield tag="008">201209|n|aznnnaabn           n a|a      </controlfield>
  <datafield tag="040" ind1=" " ind2=" ">
    <subfield code="a">BOA001</subfield>
    <subfield code="b">cze</subfield>
    <subfield code="e">rda</subfield>
  </datafield>
  <datafield tag="046" ind1=" " ind2=" ">
    <subfield code="f">1989</subfield>
  </datafield>
  <datafield tag="100" ind1="1" ind2=" ">
    <subfield code="a">Pasičnyková, Sabrina,</subfield>
    <subfield code="d">1989-</subfield>
    <subfield code="7">mzk20201096160</subfield>
  </datafield>
  <datafield tag="368" ind1=" " ind2=" ">
    <subfield code="d">Mgr.</subfield>
    <subfield code="s">2013</subfield>
  </datafield>
  <datafield tag="368" ind1=" " ind2=" ">
    <subfield code="d">Mgr.</subfield>
    <subfield code="s">2017</subfield>
  </datafield>
  <datafield tag="370" ind1=" " ind2=" ">
    <subfield code="c">Česko</subfield>
  </datafield>
  <datafield tag="372" ind1=" " ind2=" ">
    <subfield code="a">etnologie</subfield>
    <subfield code="a">muzejní pedagogika</subfield>
    <subfield code="a">lektorství (vzdělávání)</subfield>
    <subfield code="a">lidové zvyky</subfield>
    <subfield code="a">lidové oděvy</subfield>
    <subfield code="a">folklor</subfield>
    <subfield code="a">tanec</subfield>
    <subfield code="a">zpěv</subfield>
    <subfield code="a">právo</subfield>
    <subfield code="a">právní věda</subfield>
  </datafield>
  <datafield tag="374" ind1=" " ind2=" ">
    <subfield code="a">etnoložky</subfield>
    <subfield code="a">pedagožky</subfield>
    <subfield code="a">lektorky (vzdělávání)</subfield>
    <subfield code="a">tanečnice</subfield>
    <subfield code="a">lidové zpěvačky</subfield>
    <subfield code="a">právničky</subfield>
  </datafield>
  <datafield tag="375" ind1=" " ind2=" ">
    <subfield code="a">žena</subfield>
  </datafield>
  <datafield tag="377" ind1=" " ind2=" ">
    <subfield code="a">cze</subfield>
  </datafield>
  <datafield tag="400" ind1="1" ind2=" ">
    <subfield code="w">r</subfield>
    <subfield code="i">Jméno za svobodna:</subfield>
    <subfield code="a">Kedroňová, Sabrina,</subfield>
    <subfield code="d">1989-</subfield>
    <subfield code="0">o</subfield>
  </datafield>
  <datafield tag="670" ind1=" " ind2=" ">
    <subfield code="a">Navrátilová, Lucie - Císaríková, Klára - Navrátilová, Michaela - Pasičnyková, Sabrina - Dvořák, Viktor - Rokyta, Jan: Zvŕtaný, aneb, Cesta jednoho málem zapomenutého tance, 2020</subfield>
    <subfield code="b">autoritní forma, biografické údaje, rok narození</subfield>
  </datafield>
  <datafield tag="670" ind1=" " ind2=" ">
    <subfield code="a">www(Masarykova univerzita, Právnická fakulta), cit. 9. 12. 2020</subfield>
    <subfield code="b">biografické údaje, rodné jméno</subfield>
    <subfield code="u">https://is.muni.cz/thesis/prace_na_stejne_tema?ks=infertile%20couple</subfield>
  </datafield>
  <datafield tag="670" ind1=" " ind2=" ">
    <subfield code="a">www(Masarykova univerzita, Filozofická fakulta), cit. 9. 12. 2020</subfield>
    <subfield code="b">biografické údaje</subfield>
    <subfield code="u">https://is.muni.cz/th/sog34</subfield>
  </datafield>
  <datafield tag="670" ind1=" " ind2=" ">
    <subfield code="a">www(Valašské muzeum v přírodě), cit. 9. 12. 2020</subfield>
    <subfield code="b">biografické údaje</subfield>
    <subfield code="u">https://www.nmvp.cz</subfield>
  </datafield>
  <datafield tag="678" ind1="0" ind2=" ">
    <subfield code="a">Narozena 1989. Mgr. et Mgr., etnoložka, muzejní pedagožka a lektorka zaměřená na lidové hudebně taneční projevy, oděvy a zvyky Lašska. Též tanečnice a zpěvačka folklorních souborů. Vystudovala také práva.</subfield>
  </datafield>
  <datafield tag="906" ind1=" " ind2=" ">
    <subfield code="a">za20201209</subfield>
    <subfield code="b">svobal</subfield>
  </datafield>
</record>