

<record>
  <leader>     cz  a22     n  4500</leader>
  <controlfield tag="001">xx0255074</controlfield>
  <controlfield tag="003">CZ PrNK</controlfield>
  <controlfield tag="005">20201210112148.0</controlfield>
  <controlfield tag="008">201209|n|aznnnaabn           n a|a      </controlfield>
  <datafield tag="040" ind1=" " ind2=" ">
    <subfield code="a">CBA001</subfield>
    <subfield code="b">cze</subfield>
    <subfield code="d">ABA001</subfield>
    <subfield code="e">rda</subfield>
  </datafield>
  <datafield tag="046" ind1=" " ind2=" ">
    <subfield code="f">1872</subfield>
    <subfield code="g">1935</subfield>
  </datafield>
  <datafield tag="100" ind1="1" ind2=" ">
    <subfield code="a">Lemaître, Claude,</subfield>
    <subfield code="d">1872-1935</subfield>
    <subfield code="7">xx0255074</subfield>
  </datafield>
  <datafield tag="MOR" ind1="0" ind2=" ">
    <subfield code="a">Lemaître, Claude,</subfield>
    <subfield code="d">1872-1935</subfield>
    <subfield code="7">xx0255074</subfield>
  </datafield>
  <datafield tag="370" ind1=" " ind2=" ">
    <subfield code="c">Francie</subfield>
  </datafield>
  <datafield tag="372" ind1=" " ind2=" ">
    <subfield code="a">literatura</subfield>
  </datafield>
  <datafield tag="374" ind1=" " ind2=" ">
    <subfield code="a">spisovatelky</subfield>
  </datafield>
  <datafield tag="375" ind1=" " ind2=" ">
    <subfield code="a">žena</subfield>
  </datafield>
  <datafield tag="377" ind1=" " ind2=" ">
    <subfield code="a">fre</subfield>
  </datafield>
  <datafield tag="400" ind1="1" ind2=" ">
    <subfield code="w">r</subfield>
    <subfield code="i">Skutečné jméno:</subfield>
    <subfield code="a">Chigot, Élise Marie,</subfield>
    <subfield code="c">1872-1935,</subfield>
    <subfield code="d">1872-1935</subfield>
    <subfield code="0">o</subfield>
  </datafield>
  <datafield tag="670" ind1=" " ind2=" ">
    <subfield code="a">Pierre le conquérant / Claude Lemaître ; illustrations de F. de Haenen, 1910</subfield>
  </datafield>
  <datafield tag="670" ind1=" " ind2=" ">
    <subfield code="a">BNF, cit. 9. 12. 2020</subfield>
    <subfield code="b">autoritní podoba, biografické údaje, životní data, pole 370, 375, 377</subfield>
  </datafield>
  <datafield tag="670" ind1=" " ind2=" ">
    <subfield code="a">www (Wikipédia, L'encyclopédie libre), cit. 9. 12. 2020</subfield>
    <subfield code="b">biografické údaje, životní data, národnost, odkaz viz</subfield>
    <subfield code="u">https://fr.wikipedia.org/wiki/Claude_Lema%C3%AEtre</subfield>
  </datafield>
  <datafield tag="678" ind1="0" ind2=" ">
    <subfield code="a">Pseudonym francouzské autorky románů.</subfield>
  </datafield>
  <datafield tag="906" ind1=" " ind2=" ">
    <subfield code="a">za20201209</subfield>
    <subfield code="b">xmakru</subfield>
  </datafield>
  <datafield tag="906" ind1=" " ind2=" ">
    <subfield code="a">oz20201210</subfield>
    <subfield code="b">lisi</subfield>
    <subfield code="c">Záhlaví - formální oprava jména</subfield>
  </datafield>
</record>