

<record>
  <leader>     nz  a22     n  4500</leader>
  <controlfield tag="001">aun20201096207</controlfield>
  <controlfield tag="003">CZ PrNK</controlfield>
  <controlfield tag="005">20201209141508.0</controlfield>
  <controlfield tag="008">201209|n|aznnnaabn           n a|a      </controlfield>
  <datafield tag="040" ind1=" " ind2=" ">
    <subfield code="a">ABA001</subfield>
    <subfield code="b">cze</subfield>
    <subfield code="e">rda</subfield>
  </datafield>
  <datafield tag="100" ind1="0" ind2=" ">
    <subfield code="a">Eukleidés,</subfield>
    <subfield code="d">-asi 280 př. Kr.</subfield>
    <subfield code="t">Základy.</subfield>
    <subfield code="l">Latinsky</subfield>
    <subfield code="7">aun20201096207</subfield>
  </datafield>
  <datafield tag="400" ind1="0" ind2=" ">
    <subfield code="a">Eukleidés,</subfield>
    <subfield code="d">-asi 280 př. Kr.</subfield>
    <subfield code="t">Elementa</subfield>
    <subfield code="0">o</subfield>
  </datafield>
  <datafield tag="400" ind1="0" ind2=" ">
    <subfield code="a">Eukleidés,</subfield>
    <subfield code="d">-asi 280 př. Kr.</subfield>
    <subfield code="t">Euclidis elementorum libri XV</subfield>
    <subfield code="0">o</subfield>
  </datafield>
  <datafield tag="670" ind1=" " ind2=" ">
    <subfield code="a">LC (Names)</subfield>
  </datafield>
  <datafield tag="670" ind1=" " ind2=" ">
    <subfield code="a">NTK</subfield>
  </datafield>
  <datafield tag="906" ind1=" " ind2=" ">
    <subfield code="a">br20201209</subfield>
    <subfield code="b">hape</subfield>
  </datafield>
  <datafield tag="906" ind1=" " ind2=" ">
    <subfield code="a">ks20201209</subfield>
    <subfield code="b">hape</subfield>
  </datafield>
</record>