

<record>
  <leader>     nz  a22     n  4500</leader>
  <controlfield tag="001">aun20201096208</controlfield>
  <controlfield tag="003">CZ PrNK</controlfield>
  <controlfield tag="005">20201209144118.0</controlfield>
  <controlfield tag="008">201209|n|aznnnaabn           n a|a      </controlfield>
  <datafield tag="040" ind1=" " ind2=" ">
    <subfield code="a">ABA001</subfield>
    <subfield code="b">cze</subfield>
    <subfield code="e">rda</subfield>
  </datafield>
  <datafield tag="100" ind1="1" ind2=" ">
    <subfield code="a">Fauré, Gabriel,</subfield>
    <subfield code="d">1845-1924.</subfield>
    <subfield code="t">Kvartety,</subfield>
    <subfield code="m">housle (2), viola, violoncello,</subfield>
    <subfield code="n">op. 121,</subfield>
    <subfield code="r">e moll</subfield>
    <subfield code="7">aun20201096208</subfield>
  </datafield>
  <datafield tag="382" ind1="0" ind2=" ">
    <subfield code="a">housle</subfield>
    <subfield code="n">2</subfield>
    <subfield code="a">viola</subfield>
    <subfield code="n">1</subfield>
    <subfield code="a">violoncello</subfield>
    <subfield code="n">1</subfield>
    <subfield code="s">4</subfield>
  </datafield>
  <datafield tag="383" ind1=" " ind2=" ">
    <subfield code="b">op. 121</subfield>
  </datafield>
  <datafield tag="384" ind1="0" ind2=" ">
    <subfield code="a">e moll</subfield>
  </datafield>
  <datafield tag="670" ind1=" " ind2=" ">
    <subfield code="a">Trio pour piano, violon et violoncelle en ré mineur, op. 120 / Gabriel Fauré. Kassel, 2010.</subfield>
  </datafield>
  <datafield tag="670" ind1=" " ind2=" ">
    <subfield code="a">LC (Names), cit. 9. 12. 2020</subfield>
  </datafield>
  <datafield tag="906" ind1=" " ind2=" ">
    <subfield code="a">br20201209</subfield>
    <subfield code="b">habo</subfield>
  </datafield>
</record>