

<record>
  <leader>     nz  a22     n  4500</leader>
  <datafield tag="900" ind1=" " ind2=" ">
    <subfield code="a">J-NÁVRH-S</subfield>
  </datafield>
  <controlfield tag="001">js20201096215</controlfield>
  <controlfield tag="003">CZ PrNK</controlfield>
  <controlfield tag="005">20201209153258.0</controlfield>
  <controlfield tag="008">201209|n|aznnnaabn           n a|a      </controlfield>
  <datafield tag="040" ind1=" " ind2=" ">
    <subfield code="a">ABA004</subfield>
    <subfield code="b">cze</subfield>
    <subfield code="e">rda</subfield>
  </datafield>
  <datafield tag="046" ind1=" " ind2=" ">
    <subfield code="f">1936</subfield>
    <subfield code="g">1995</subfield>
  </datafield>
  <datafield tag="100" ind1="1" ind2=" ">
    <subfield code="a">Danilov, Ivan Petrovič,</subfield>
    <subfield code="d">1936-1995</subfield>
    <subfield code="7">js20201096215</subfield>
  </datafield>
  <datafield tag="370" ind1=" " ind2=" ">
    <subfield code="c">Rusko</subfield>
    <subfield code="f">Volgograd, Rusko</subfield>
  </datafield>
  <datafield tag="372" ind1=" " ind2=" ">
    <subfield code="a">literární tvorba</subfield>
    <subfield code="a">žurnalistika</subfield>
  </datafield>
  <datafield tag="374" ind1=" " ind2=" ">
    <subfield code="a">spisovatelé</subfield>
    <subfield code="a">básníci</subfield>
    <subfield code="a">novináři</subfield>
  </datafield>
  <datafield tag="375" ind1=" " ind2=" ">
    <subfield code="a">muž</subfield>
  </datafield>
  <datafield tag="377" ind1=" " ind2=" ">
    <subfield code="a">rus</subfield>
  </datafield>
  <datafield tag="670" ind1=" " ind2=" ">
    <subfield code="a">RSL, cit. 9. 12. 2020</subfield>
    <subfield code="b">autoritní forma</subfield>
  </datafield>
  <datafield tag="670" ind1=" " ind2=" ">
    <subfield code="a">NLR, cit. 9. 12. 2020</subfield>
    <subfield code="b">autoritní forma, datum narození</subfield>
  </datafield>
  <datafield tag="670" ind1=" " ind2=" ">
    <subfield code="a">www(Sojuz pisatelej Rossii), cit. 9. 12. 2020</subfield>
    <subfield code="b">datum narození a úmrtí, biografické údaje</subfield>
    <subfield code="u">http://pisatelei.ru/ivan-danilov/</subfield>
  </datafield>
  <datafield tag="670" ind1=" " ind2=" ">
    <subfield code="a">Danilov, Ivan: Zimnij dožd‘ : povesti i rasskazy. Moskva, 1984</subfield>
  </datafield>
  <datafield tag="678" ind1="0" ind2=" ">
    <subfield code="a">Ruský básník, prozaik a novinář.</subfield>
  </datafield>
  <datafield tag="906" ind1=" " ind2=" ">
    <subfield code="a">za20201209</subfield>
    <subfield code="b">tapo</subfield>
  </datafield>
</record>