

<record>
  <leader>     nz  a22     n  4500</leader>
  <datafield tag="900" ind1=" " ind2=" ">
    <subfield code="a">*J-NÁVRH</subfield>
  </datafield>
  <controlfield tag="001">mzk20201096216</controlfield>
  <controlfield tag="003">CZ PrNK</controlfield>
  <controlfield tag="005">20201209150648.0</controlfield>
  <controlfield tag="008">201209|n|aznnnaabn           n a|a      </controlfield>
  <datafield tag="024" ind1="7" ind2=" ">
    <subfield code="a">0000000066869324</subfield>
    <subfield code="2">isni</subfield>
  </datafield>
  <datafield tag="024" ind1="7" ind2=" ">
    <subfield code="a">Q20089022</subfield>
    <subfield code="2">wikidata</subfield>
  </datafield>
  <datafield tag="040" ind1=" " ind2=" ">
    <subfield code="a">BOA001</subfield>
    <subfield code="b">cze</subfield>
    <subfield code="e">rda</subfield>
  </datafield>
  <datafield tag="046" ind1=" " ind2=" ">
    <subfield code="f">1928</subfield>
    <subfield code="g">1986</subfield>
  </datafield>
  <datafield tag="100" ind1="1" ind2=" ">
    <subfield code="a">Birkelund, Tove,</subfield>
    <subfield code="d">1928-1986</subfield>
    <subfield code="7">mzk20201096216</subfield>
  </datafield>
  <datafield tag="370" ind1=" " ind2=" ">
    <subfield code="c">Dánsko</subfield>
  </datafield>
  <datafield tag="372" ind1=" " ind2=" ">
    <subfield code="a">geologie</subfield>
    <subfield code="a">historická geologie</subfield>
    <subfield code="a">stratigrafie</subfield>
    <subfield code="a">paleontologie</subfield>
    <subfield code="a">fosilní fauna</subfield>
  </datafield>
  <datafield tag="374" ind1=" " ind2=" ">
    <subfield code="a">geoložky</subfield>
    <subfield code="a">paleontoložky</subfield>
    <subfield code="a">vysokoškolské učitelky</subfield>
  </datafield>
  <datafield tag="375" ind1=" " ind2=" ">
    <subfield code="a">žena</subfield>
  </datafield>
  <datafield tag="377" ind1=" " ind2=" ">
    <subfield code="a">dan</subfield>
    <subfield code="a">eng</subfield>
  </datafield>
  <datafield tag="670" ind1=" " ind2=" ">
    <subfield code="a">Birkelund, Tove - Hansen, Hans Jørgen: Shell ultrastructures of some Maastrichtian Ammonoidea and Coleoidea and their taxonomic implications, 1974</subfield>
  </datafield>
  <datafield tag="670" ind1=" " ind2=" ">
    <subfield code="a">KB-DA, cit. 9. 12. 2020</subfield>
    <subfield code="b">autoritní forma</subfield>
  </datafield>
  <datafield tag="670" ind1=" " ind2=" ">
    <subfield code="a">www(Wikipedia, den frie encyklopædi), cit. 9. 12. 2020</subfield>
    <subfield code="b">biografické údaje, rok narození, rok úmrtí, národnost</subfield>
    <subfield code="u">https://da.wikipedia.org/wiki/Tove_Birkelund</subfield>
  </datafield>
  <datafield tag="670" ind1=" " ind2=" ">
    <subfield code="a">www(Dansk biografisk leksikon), cit. 9. 12. 2020</subfield>
    <subfield code="b">biografické údaje</subfield>
    <subfield code="u">https://biografiskleksikon.lex.dk/Tove_Birkelund</subfield>
  </datafield>
  <datafield tag="670" ind1=" " ind2=" ">
    <subfield code="a">www(Conchology), cit. 9. 12. 2020</subfield>
    <subfield code="b">biografické údaje</subfield>
    <subfield code="u">https://www.conchology.be/?t=9001&amp;id=12962</subfield>
  </datafield>
  <datafield tag="678" ind1="0" ind2=" ">
    <subfield code="a">Dánská geoložka, paleontoložka a vysokoškolská učitelka zaměřená na historickou geologii, stratigrafii, paleontologii a fosilní faunu.</subfield>
  </datafield>
  <datafield tag="906" ind1=" " ind2=" ">
    <subfield code="a">za20201209</subfield>
    <subfield code="b">svobal</subfield>
  </datafield>
</record>