

<record>
  <leader>     nz  a22     n  4500</leader>
  <controlfield tag="001">aun20201096228</controlfield>
  <controlfield tag="003">CZ PrNK</controlfield>
  <controlfield tag="005">20201209153711.0</controlfield>
  <controlfield tag="008">201209|n|aznnnaabn           n a|a      </controlfield>
  <datafield tag="040" ind1=" " ind2=" ">
    <subfield code="a">ABA001</subfield>
    <subfield code="b">cze</subfield>
    <subfield code="e">rda</subfield>
  </datafield>
  <datafield tag="100" ind1="1" ind2=" ">
    <subfield code="a">Fauré, Gabriel,</subfield>
    <subfield code="d">1845-1924.</subfield>
    <subfield code="t">Valse-caprice,</subfield>
    <subfield code="n">č. 1</subfield>
    <subfield code="7">aun20201096228</subfield>
  </datafield>
  <datafield tag="382" ind1="0" ind2=" ">
    <subfield code="a">klavír</subfield>
    <subfield code="n">1</subfield>
    <subfield code="s">1</subfield>
  </datafield>
  <datafield tag="383" ind1=" " ind2=" ">
    <subfield code="a">č. 1</subfield>
    <subfield code="b">op. 30</subfield>
  </datafield>
  <datafield tag="384" ind1="0" ind2=" ">
    <subfield code="a">A dur</subfield>
  </datafield>
  <datafield tag="400" ind1="1" ind2=" ">
    <subfield code="a">Fauré, Gabriel,</subfield>
    <subfield code="d">1845-1924.</subfield>
    <subfield code="t">Valse-caprice,</subfield>
    <subfield code="m">klavír,</subfield>
    <subfield code="n">op. 30,</subfield>
    <subfield code="r">A dur</subfield>
    <subfield code="0">o</subfield>
  </datafield>
  <datafield tag="670" ind1=" " ind2=" ">
    <subfield code="a">Ballade op. 19 / Gabriel Fauré. Kassel, 2012.</subfield>
  </datafield>
  <datafield tag="670" ind1=" " ind2=" ">
    <subfield code="a">LC (Names), cit. 9. 12. 2020</subfield>
  </datafield>
  <datafield tag="906" ind1=" " ind2=" ">
    <subfield code="a">br20201209</subfield>
    <subfield code="b">habo</subfield>
  </datafield>
</record>