

<record>
  <leader>     cz  a22     n  4500</leader>
  <controlfield tag="001">xx0255090</controlfield>
  <controlfield tag="003">CZ PrNK</controlfield>
  <controlfield tag="005">20201210193529.0</controlfield>
  <controlfield tag="008">201209|n|aznnnaabn           n a|a      </controlfield>
  <datafield tag="024" ind1="7" ind2=" ">
    <subfield code="a">Q3440865</subfield>
    <subfield code="2">wikidata</subfield>
  </datafield>
  <datafield tag="040" ind1=" " ind2=" ">
    <subfield code="a">ABE304</subfield>
    <subfield code="b">cze</subfield>
    <subfield code="d">ABA001</subfield>
    <subfield code="e">rda</subfield>
  </datafield>
  <datafield tag="046" ind1=" " ind2=" ">
    <subfield code="f">1907</subfield>
    <subfield code="g">1991</subfield>
  </datafield>
  <datafield tag="100" ind1="1" ind2=" ">
    <subfield code="a">Jasiński, Roman,</subfield>
    <subfield code="d">1907-1991</subfield>
    <subfield code="7">xx0255090</subfield>
  </datafield>
  <datafield tag="370" ind1=" " ind2=" ">
    <subfield code="a">Varšava, Polsko</subfield>
    <subfield code="b">Tulsa, Oklahoma</subfield>
    <subfield code="c">Polsko</subfield>
    <subfield code="c">Spojené státy americké</subfield>
  </datafield>
  <datafield tag="372" ind1=" " ind2=" ">
    <subfield code="a">tanec</subfield>
    <subfield code="a">balet</subfield>
    <subfield code="a">choreografie</subfield>
    <subfield code="a">taneční školy</subfield>
  </datafield>
  <datafield tag="374" ind1=" " ind2=" ">
    <subfield code="a">tanečníci</subfield>
    <subfield code="a">baletní umělci</subfield>
    <subfield code="a">choreografové</subfield>
  </datafield>
  <datafield tag="375" ind1=" " ind2=" ">
    <subfield code="a">muž</subfield>
  </datafield>
  <datafield tag="400" ind1="1" ind2=" ">
    <subfield code="a">Jasiński, Czesław Roman,</subfield>
    <subfield code="d">1907-1991</subfield>
    <subfield code="0">o</subfield>
  </datafield>
  <datafield tag="400" ind1="1" ind2=" ">
    <subfield code="a">Jasinsky, Roman,</subfield>
    <subfield code="d">1907-1991</subfield>
    <subfield code="0">o</subfield>
  </datafield>
  <datafield tag="670" ind1=" " ind2=" ">
    <subfield code="a">Deakin, Irving: Ballet Profils, 1936</subfield>
    <subfield code="b">odkaz viz</subfield>
  </datafield>
  <datafield tag="670" ind1=" " ind2=" ">
    <subfield code="a">www(Wikipedia, wolna encyklopedia), cit. 9. 12. 2020</subfield>
    <subfield code="b">autoritní forma, data, biografické údaje</subfield>
    <subfield code="u">https://pl.wikipedia.org/wiki/Roman_Jasiński_(tancerz)</subfield>
  </datafield>
  <datafield tag="675" ind1=" " ind2=" ">
    <subfield code="a">NUKAT, cit. 9. 12. 2020;</subfield>
    <subfield code="a">BUW, cit. 9. 12. 2020;</subfield>
    <subfield code="a">BNPL, cit. 9. 12. 2020</subfield>
  </datafield>
  <datafield tag="678" ind1="0" ind2=" ">
    <subfield code="a">Polský tanečník, baletní mistr a choreograf.</subfield>
  </datafield>
  <datafield tag="906" ind1=" " ind2=" ">
    <subfield code="a">za20201209</subfield>
    <subfield code="b">xalso</subfield>
  </datafield>
  <datafield tag="906" ind1=" " ind2=" ">
    <subfield code="a">op20201210</subfield>
    <subfield code="b">beba</subfield>
    <subfield code="c">Viz, 370ab nově; 370c, 372a, 374a další výskyt; 670bu, 675 formální oprava</subfield>
  </datafield>
</record>