

<record>
  <leader>     nz  a22     n  4500</leader>
  <controlfield tag="001">kon20201096261</controlfield>
  <controlfield tag="003">CZ PrNK</controlfield>
  <controlfield tag="005">20201210084750.0</controlfield>
  <controlfield tag="008">201210|n|aznnnaabn           n a|a      </controlfield>
  <datafield tag="040" ind1=" " ind2=" ">
    <subfield code="a">ABA001</subfield>
    <subfield code="b">cze</subfield>
    <subfield code="e">rda</subfield>
  </datafield>
  <datafield tag="110" ind1="2" ind2=" ">
    <subfield code="a">Spolek sv. Vincence de Paul.</subfield>
    <subfield code="b">Konference u sv. Tomáše (Praha, Česko).</subfield>
    <subfield code="t">Výroční zpráva (Spolek sv. Vincence de Paul. Konference u sv. Tomáše (Praha, Česko))</subfield>
    <subfield code="7">kon20201096261</subfield>
  </datafield>
  <datafield tag="410" ind1="2" ind2=" ">
    <subfield code="a">Spolek sv. Vincence de Paul.</subfield>
    <subfield code="b">Konference u sv. Tomáše (Praha, Česko).</subfield>
    <subfield code="t">Výroční zpráva Konference u sv. Tomáše na Menším městě pražském Spolku sv. Vincence z Paula pro dobrovolné ošetřování chudých v Království českém</subfield>
    <subfield code="0">o</subfield>
  </datafield>
  <datafield tag="670" ind1=" " ind2=" ">
    <subfield code="a">Výroční zpráva Konference u sv. Tomáše na Menším městě pražském Spolku sv. Vincence z Paula pro dobrovolné ošetřování chudých v Království českém. V Praze : nákladem vlastním, [1890-1937?]</subfield>
  </datafield>
  <datafield tag="906" ind1=" " ind2=" ">
    <subfield code="a">br20201210</subfield>
    <subfield code="b">juri</subfield>
  </datafield>
  <datafield tag="906" ind1=" " ind2=" ">
    <subfield code="a">ks20201210</subfield>
    <subfield code="b">juri</subfield>
  </datafield>
</record>