

<record>
  <leader>     nz  a22     n  4500</leader>
  <controlfield tag="001">kon20201096265</controlfield>
  <controlfield tag="003">CZ PrNK</controlfield>
  <controlfield tag="005">20201210091040.0</controlfield>
  <controlfield tag="008">201210|n|aznnnaabn           n a|a      </controlfield>
  <datafield tag="040" ind1=" " ind2=" ">
    <subfield code="a">ABA001</subfield>
    <subfield code="b">cze</subfield>
    <subfield code="e">rda</subfield>
  </datafield>
  <datafield tag="110" ind1="2" ind2=" ">
    <subfield code="a">Brněnská matice školská.</subfield>
    <subfield code="t">Výroční zpráva (Brněnská matice školská)</subfield>
    <subfield code="7">kon20201096265</subfield>
  </datafield>
  <datafield tag="410" ind1="2" ind2=" ">
    <subfield code="a">Brněnská matice školská.</subfield>
    <subfield code="t">Výroční zpráva Brněnské matice školské</subfield>
    <subfield code="0">o</subfield>
  </datafield>
  <datafield tag="670" ind1=" " ind2=" ">
    <subfield code="a">... výroční zpráva Brněnské matice školské. V Brně : nákladem Brněnské matice školské, [1878?-1952?]</subfield>
  </datafield>
  <datafield tag="906" ind1=" " ind2=" ">
    <subfield code="a">br20201210</subfield>
    <subfield code="b">juri</subfield>
  </datafield>
  <datafield tag="906" ind1=" " ind2=" ">
    <subfield code="a">ks20201210</subfield>
    <subfield code="b">juri</subfield>
  </datafield>
</record>