

<record>
  <leader>     nz  a22     n  4500</leader>
  <datafield tag="900" ind1=" " ind2=" ">
    <subfield code="a">J-NÁVRH-STT</subfield>
  </datafield>
  <controlfield tag="001">ntk20201096279</controlfield>
  <controlfield tag="003">CZ PrNK</controlfield>
  <controlfield tag="005">20201210132023.0</controlfield>
  <controlfield tag="008">201210|n|aznnnaabn           n a|a      </controlfield>
  <datafield tag="024" ind1="7" ind2=" ">
    <subfield code="a">0000000017208626</subfield>
    <subfield code="2">isni</subfield>
  </datafield>
  <datafield tag="024" ind1="7" ind2=" ">
    <subfield code="a">Q361713</subfield>
    <subfield code="2">wikidata</subfield>
  </datafield>
  <datafield tag="040" ind1=" " ind2=" ">
    <subfield code="a">ABA013</subfield>
    <subfield code="b">cze</subfield>
    <subfield code="e">rda</subfield>
  </datafield>
  <datafield tag="046" ind1=" " ind2=" ">
    <subfield code="f">1718</subfield>
    <subfield code="g">1793</subfield>
  </datafield>
  <datafield tag="100" ind1="1" ind2=" ">
    <subfield code="a">Olthof, Adolf Friedrich von,</subfield>
    <subfield code="d">1718-1793</subfield>
    <subfield code="7">ntk20201096279</subfield>
  </datafield>
  <datafield tag="368" ind1=" " ind2=" ">
    <subfield code="d">Baron</subfield>
  </datafield>
  <datafield tag="370" ind1=" " ind2=" ">
    <subfield code="a">Strelitz-Alt, Neustrelitz, Německo</subfield>
    <subfield code="b">Stralsund, Německo</subfield>
    <subfield code="c">Německo</subfield>
    <subfield code="f">Stralsund, Německo</subfield>
    <subfield code="f">Halle an der Saale, Německo</subfield>
    <subfield code="f">Greifswald, Německo</subfield>
    <subfield code="f">Švédské Pomořansko, Německo a Polsko</subfield>
  </datafield>
  <datafield tag="372" ind1=" " ind2=" ">
    <subfield code="a">právo</subfield>
    <subfield code="a">státní služba</subfield>
    <subfield code="a">lokální politika</subfield>
    <subfield code="a">umělecké sbírky</subfield>
  </datafield>
  <datafield tag="374" ind1=" " ind2=" ">
    <subfield code="a">právníci</subfield>
    <subfield code="a">státní úředníci</subfield>
    <subfield code="a">politici</subfield>
    <subfield code="a">sběratelé umění</subfield>
    <subfield code="a">mecenáši</subfield>
  </datafield>
  <datafield tag="375" ind1=" " ind2=" ">
    <subfield code="a">muž</subfield>
  </datafield>
  <datafield tag="377" ind1=" " ind2=" ">
    <subfield code="a">lat</subfield>
    <subfield code="a">ger</subfield>
  </datafield>
  <datafield tag="400" ind1="1" ind2=" ">
    <subfield code="a">Olthoff, Adolf Friedrich,</subfield>
    <subfield code="d">1718-1793</subfield>
    <subfield code="0">o</subfield>
  </datafield>
  <datafield tag="400" ind1="1" ind2=" ">
    <subfield code="a">Olthoff, Adolph Friedrich,</subfield>
    <subfield code="d">1718-1793</subfield>
    <subfield code="0">o</subfield>
  </datafield>
  <datafield tag="400" ind1="1" ind2=" ">
    <subfield code="a">Olthoff, Adolphus Fridericus,</subfield>
    <subfield code="d">1718-1793</subfield>
    <subfield code="0">o</subfield>
  </datafield>
  <datafield tag="400" ind1="1" ind2=" ">
    <subfield code="a">Olthof, Adolph Frederic d',</subfield>
    <subfield code="d">1718-1793</subfield>
    <subfield code="0">o</subfield>
  </datafield>
  <datafield tag="667" ind1=" " ind2=" ">
    <subfield code="a">http://d-nb.info/gnd/129978175.</subfield>
  </datafield>
  <datafield tag="670" ind1=" " ind2=" ">
    <subfield code="a">L'INGENIEUR EN CAMPAGNE AVEC V. PLANCHES. PAR I. G. PICHT. AMSTERDAM: AU DEPENS DE LA COMPAGNIE, 1761. [Dedikace]: A MONSIEUR FREDERIC ADOLHP D'OLTHOF, CONSEILLER DE LA CHANCELLERIE DE SA MAJESTÉ LE ROI ET DU ROYAUME DE SUEDE</subfield>
    <subfield code="b">odkaz viz</subfield>
    <subfield code="u">http://books.google.com/books?vid=KBNL:UBA000059509</subfield>
  </datafield>
  <datafield tag="670" ind1=" " ind2=" ">
    <subfield code="a">DNB, cit. 10. 18. 2020</subfield>
    <subfield code="b">autoritní forma, odkaz viz</subfield>
    <subfield code="u">http://d-nb.info/gnd/129978175</subfield>
  </datafield>
  <datafield tag="670" ind1=" " ind2=" ">
    <subfield code="a">www(Wikipedia, die freie Enzyklopädie), cit. 10. 12. 2020</subfield>
    <subfield code="b">datum a místo narození a úmrtí, biografické a profesní údaje</subfield>
    <subfield code="u">https://de.wikipedia.org/wiki/Adolf_Friedrich_von_Olthof</subfield>
  </datafield>
  <datafield tag="678" ind1="0" ind2=" ">
    <subfield code="a">Německý právník a státní úředník (vládní rada) v historickém Švédském Pomořansku - funkce mu byla svěřena v r. 1744. Práva vystudoval na univerzitách v Halle a Greifswaldu. Zabýval se také obchodem a byl také sběratelem a patronem umění.</subfield>
  </datafield>
  <datafield tag="906" ind1=" " ind2=" ">
    <subfield code="a">za20201210</subfield>
    <subfield code="b">evbr</subfield>
  </datafield>
  <datafield tag="906" ind1=" " ind2=" ">
    <subfield code="a">ko20201210</subfield>
    <subfield code="b">evbr</subfield>
  </datafield>
</record>