

<record>
  <leader>     nz  a22     n  4500</leader>
  <controlfield tag="001">jo20201096280</controlfield>
  <controlfield tag="003">CZ PrNK</controlfield>
  <controlfield tag="005">20201210094523.0</controlfield>
  <controlfield tag="008">201210|n|aznnnaabn           n a|a      </controlfield>
  <datafield tag="040" ind1=" " ind2=" ">
    <subfield code="a">ABA001</subfield>
    <subfield code="b">cze</subfield>
    <subfield code="e">rda</subfield>
  </datafield>
  <datafield tag="046" ind1=" " ind2=" ">
    <subfield code="f">1869</subfield>
    <subfield code="g">1900</subfield>
  </datafield>
  <datafield tag="100" ind1="1" ind2=" ">
    <subfield code="a">Sobotka, Julius Maria,</subfield>
    <subfield code="d">1869-1900</subfield>
    <subfield code="7">jo20201096280</subfield>
  </datafield>
  <datafield tag="370" ind1=" " ind2=" ">
    <subfield code="b">Praha, Česko</subfield>
    <subfield code="c">Česko</subfield>
  </datafield>
  <datafield tag="372" ind1=" " ind2=" ">
    <subfield code="a">malířství</subfield>
  </datafield>
  <datafield tag="374" ind1=" " ind2=" ">
    <subfield code="a">malíři</subfield>
  </datafield>
  <datafield tag="375" ind1=" " ind2=" ">
    <subfield code="a">muž</subfield>
  </datafield>
  <datafield tag="400" ind1="1" ind2=" ">
    <subfield code="a">Sobotka, Julius,</subfield>
    <subfield code="d">1869-1900</subfield>
    <subfield code="0">o</subfield>
  </datafield>
  <datafield tag="670" ind1=" " ind2=" ">
    <subfield code="a">Procházka, Fr. S. (ed.): Vánoce, obrázky přispěli Černý, Věnceslav - Sobotka, Julius et al., Malý čtenář, Praha 1893</subfield>
    <subfield code="b">odkaz viz</subfield>
  </datafield>
  <datafield tag="670" ind1=" " ind2=" ">
    <subfield code="a">www(abart), cit. 10. 12. 2020</subfield>
    <subfield code="b">autoritní forma, biografické údaje, úplné datum narození, úplné datum a místo úmrtí.</subfield>
  </datafield>
  <datafield tag="678" ind1="0" ind2=" ">
    <subfield code="a">Narozen 22. 5. 1869, zemřel 2. 8. 1900 v Praze. Malíř.</subfield>
  </datafield>
  <datafield tag="906" ind1=" " ind2=" ">
    <subfield code="a">br20201210</subfield>
    <subfield code="b">lisi</subfield>
  </datafield>
</record>