

<record>
  <leader>     nz  a22     n  4500</leader>
  <controlfield tag="001">aun20201096283</controlfield>
  <controlfield tag="003">CZ PrNK</controlfield>
  <controlfield tag="005">20201210094753.0</controlfield>
  <controlfield tag="008">201210|n|aznnnaabn           n a|a      </controlfield>
  <datafield tag="040" ind1=" " ind2=" ">
    <subfield code="a">ABA001</subfield>
    <subfield code="b">cze</subfield>
    <subfield code="e">rda</subfield>
  </datafield>
  <datafield tag="100" ind1="1" ind2=" ">
    <subfield code="a">Elsässer, Jürgen,</subfield>
    <subfield code="d">1957-</subfield>
    <subfield code="t">Kriegslügen.</subfield>
    <subfield code="l">Česky</subfield>
    <subfield code="7">aun20201096283</subfield>
  </datafield>
  <datafield tag="400" ind1="1" ind2=" ">
    <subfield code="a">Elsässer, Jürgen,</subfield>
    <subfield code="d">1957-</subfield>
    <subfield code="t">Válečné lži</subfield>
    <subfield code="0">o</subfield>
  </datafield>
  <datafield tag="670" ind1=" " ind2=" ">
    <subfield code="a">DNB</subfield>
  </datafield>
  <datafield tag="670" ind1=" " ind2=" ">
    <subfield code="a">www(Wikipedia, die freie Enzyklopädie)</subfield>
  </datafield>
  <datafield tag="670" ind1=" " ind2=" ">
    <subfield code="a">Válečné lži : agrese NATO proti Jugoslávii / Jürgen Elsässer ; z německého originálu přeložil, předmluvou opatřil a vlastním nákladem vydal Pavel Křivka. Pardubice : Loxia, 2019</subfield>
  </datafield>
  <datafield tag="906" ind1=" " ind2=" ">
    <subfield code="a">br20201210</subfield>
    <subfield code="b">hape</subfield>
  </datafield>
  <datafield tag="906" ind1=" " ind2=" ">
    <subfield code="a">ks20201210</subfield>
    <subfield code="b">hape</subfield>
  </datafield>
</record>