

<record>
  <leader>     nz  a22     n  4500</leader>
  <controlfield tag="001">aun20201096284</controlfield>
  <controlfield tag="003">CZ PrNK</controlfield>
  <controlfield tag="005">20201210095256.0</controlfield>
  <controlfield tag="008">201210|n|aznnnaabn           n a|a      </controlfield>
  <datafield tag="040" ind1=" " ind2=" ">
    <subfield code="a">ABA001</subfield>
    <subfield code="b">cze</subfield>
    <subfield code="e">rda</subfield>
  </datafield>
  <datafield tag="100" ind1="1" ind2=" ">
    <subfield code="a">Kuprin, Aleksandr Ivanovič,</subfield>
    <subfield code="d">1870-1938.</subfield>
    <subfield code="t">Moloch.</subfield>
    <subfield code="l">Česky</subfield>
    <subfield code="7">aun20201096284</subfield>
  </datafield>
  <datafield tag="667" ind1=" " ind2=" ">
    <subfield code="a">Název originálu je totožný s názvem překladu.</subfield>
  </datafield>
  <datafield tag="670" ind1=" " ind2=" ">
    <subfield code="a">Moloch : povídka / A.J. Kuprin. V Praze : vlastním nákladem vydal J. Otto, [1910]</subfield>
  </datafield>
  <datafield tag="670" ind1=" " ind2=" ">
    <subfield code="a">www(Wikipedie, otevřená encyklopedie)</subfield>
  </datafield>
  <datafield tag="906" ind1=" " ind2=" ">
    <subfield code="a">br20201210</subfield>
    <subfield code="b">juri</subfield>
  </datafield>
  <datafield tag="906" ind1=" " ind2=" ">
    <subfield code="a">ks20201210</subfield>
    <subfield code="b">juri</subfield>
  </datafield>
</record>