

<record>
  <leader>     nz  a22     n  4500</leader>
  <datafield tag="900" ind1=" " ind2=" ">
    <subfield code="a">J-NÁVRH-STT</subfield>
  </datafield>
  <controlfield tag="001">ntk20201096291</controlfield>
  <controlfield tag="003">CZ PrNK</controlfield>
  <controlfield tag="005">20201210131419.0</controlfield>
  <controlfield tag="008">201210|n|aznnnaabn           n a|a      </controlfield>
  <datafield tag="024" ind1="7" ind2=" ">
    <subfield code="a">0000000066361766</subfield>
    <subfield code="2">isni</subfield>
  </datafield>
  <datafield tag="024" ind1="7" ind2=" ">
    <subfield code="a">Q5756719</subfield>
    <subfield code="2">wikidata</subfield>
  </datafield>
  <datafield tag="040" ind1=" " ind2=" ">
    <subfield code="a">ABA013</subfield>
    <subfield code="b">cze</subfield>
    <subfield code="e">rda</subfield>
  </datafield>
  <datafield tag="046" ind1=" " ind2=" ">
    <subfield code="f">1707</subfield>
    <subfield code="g">1747</subfield>
  </datafield>
  <datafield tag="100" ind1="1" ind2=" ">
    <subfield code="a">Geringius, Eric,</subfield>
    <subfield code="d">1707-1747</subfield>
    <subfield code="7">ntk20201096291</subfield>
  </datafield>
  <datafield tag="370" ind1=" " ind2=" ">
    <subfield code="a">Bettna, Švédsko</subfield>
    <subfield code="b">Stockholm, Švédsko</subfield>
    <subfield code="c">Švédsko</subfield>
    <subfield code="f">Stockholm, Švédsko</subfield>
  </datafield>
  <datafield tag="372" ind1=" " ind2=" ">
    <subfield code="a">výtvarné umění</subfield>
    <subfield code="a">grafika</subfield>
    <subfield code="a">mědirytiny</subfield>
    <subfield code="a">portréty</subfield>
    <subfield code="a">knižní ilustrace</subfield>
  </datafield>
  <datafield tag="374" ind1=" " ind2=" ">
    <subfield code="a">výtvarní umělci</subfield>
    <subfield code="a">grafici</subfield>
    <subfield code="a">mědirytci</subfield>
    <subfield code="a">portrétisté</subfield>
    <subfield code="a">ilustrátoři,</subfield>
    <subfield code="a">kazatelé</subfield>
    <subfield code="a">pastoři</subfield>
  </datafield>
  <datafield tag="375" ind1=" " ind2=" ">
    <subfield code="a">muž</subfield>
  </datafield>
  <datafield tag="377" ind1=" " ind2=" ">
    <subfield code="a">swe</subfield>
    <subfield code="a">lat</subfield>
    <subfield code="a">ger</subfield>
  </datafield>
  <datafield tag="400" ind1="1" ind2=" ">
    <subfield code="a">Geringius, Erik,</subfield>
    <subfield code="d">1707-1747</subfield>
    <subfield code="0">o</subfield>
  </datafield>
  <datafield tag="400" ind1="1" ind2=" ">
    <subfield code="a">Geringius, Ericus,</subfield>
    <subfield code="d">1707-1747</subfield>
    <subfield code="0">o</subfield>
  </datafield>
  <datafield tag="400" ind1="1" ind2=" ">
    <subfield code="a">Geringius, E.,</subfield>
    <subfield code="d">1707-1747</subfield>
    <subfield code="0">o</subfield>
  </datafield>
  <datafield tag="400" ind1="1" ind2=" ">
    <subfield code="a">Gering, Erik,</subfield>
    <subfield code="d">1707-1747</subfield>
    <subfield code="0">o</subfield>
  </datafield>
  <datafield tag="400" ind1="1" ind2=" ">
    <subfield code="a">Geringius,</subfield>
    <subfield code="d">1707-1747</subfield>
    <subfield code="0">o</subfield>
  </datafield>
  <datafield tag="400" ind1="1" ind2=" ">
    <subfield code="a">Gerinigus, Erik,</subfield>
    <subfield code="d">1707-1747</subfield>
    <subfield code="0">o</subfield>
  </datafield>
  <datafield tag="400" ind1="1" ind2=" ">
    <subfield code="a">Gerinigus, Eric,</subfield>
    <subfield code="d">1707-1747</subfield>
    <subfield code="0">o</subfield>
  </datafield>
  <datafield tag="400" ind1="1" ind2=" ">
    <subfield code="a">Gerinigus, E.,</subfield>
    <subfield code="d">1707-1747</subfield>
    <subfield code="0">o</subfield>
  </datafield>
  <datafield tag="667" ind1=" " ind2=" ">
    <subfield code="a">http://hdl.handle.net/11250/1123940. http://d-nb.info/gnd/1034189387.</subfield>
  </datafield>
  <datafield tag="667" ind1=" " ind2=" ">
    <subfield code="a">DNB má autoritu popisované osoby také, ale došlo k mylnému zápisu příjmení „Gerinigus“ a roku úmrtí (1642) z citovaných zdrojů, což vedlo k nepříjemnému založení duplicitní identifikace v rámci Wikidat (Q94918765). Chyby jsou zaneseny i do databáze VD 18.</subfield>
  </datafield>
  <datafield tag="670" ind1=" " ind2=" ">
    <subfield code="a">L'INGENIEUR EN CAMPAGNE AVEC V. PLANCHES. PAR I. G. PICHT. AMSTERDAM: AU DEPENS DE LA COMPAGNIE, 1761. [Rytec obrazu PL II, podpis]: Geringius</subfield>
    <subfield code="b">odkaz viz</subfield>
    <subfield code="u">http://books.google.com/books?vid=KBNL:UBA000059509</subfield>
  </datafield>
  <datafield tag="670" ind1=" " ind2=" ">
    <subfield code="a">KBS-Regina, DNB, cit. 10. 12. 2020</subfield>
    <subfield code="b">autoritní forma (rejstříkové záhlaví), datum narození a úmrtí</subfield>
  </datafield>
  <datafield tag="670" ind1=" " ind2=" ">
    <subfield code="a">BIBSYS - AUT, cit. 10. 12. 2020</subfield>
    <subfield code="b">biografické a profesní údaje</subfield>
    <subfield code="u">http://hdl.handle.net/11250/1123940</subfield>
  </datafield>
  <datafield tag="670" ind1=" " ind2=" ">
    <subfield code="a">DNB, cit. 10. 12. 2020</subfield>
    <subfield code="b">odkazy viz</subfield>
    <subfield code="u">http://d-nb.info/gnd/1034189387</subfield>
  </datafield>
  <datafield tag="670" ind1=" " ind2=" ">
    <subfield code="a">www(Wikipedia, den fria encyklopedin), cit. 10. 12. 2020</subfield>
    <subfield code="b">místo narození a úmrtí, národnost, biografické a profesní údaje</subfield>
    <subfield code="u">https://sv.wikipedia.org/wiki/Eric_Geringius</subfield>
  </datafield>
  <datafield tag="678" ind1="0" ind2=" ">
    <subfield code="a">Švédský mědirytec, kazatel a pastor. V r. 1725 vystudoval teologii na Uppsalské univerzitě. Vyučil se ale také mědirytcem u nizozemského rytce Johannese van den Aveeleho (1655-1727), v průběhu 20 let vytvořil zejména řadu portrétů (jeho grafiky jsou uloženy ve sbírkách Univerzitní knihovny v Uppsale a v Národním muzeu ve Stockholmu). Od r. 1737 působil jako kazatel ve Vällinge (u Stockholmu) a od r. 1740 jako pastor v Kostele Svatého Jakuba ve Stockholmu.</subfield>
  </datafield>
  <datafield tag="906" ind1=" " ind2=" ">
    <subfield code="a">za20201210</subfield>
    <subfield code="b">evbr</subfield>
  </datafield>
  <datafield tag="906" ind1=" " ind2=" ">
    <subfield code="a">ko20201210</subfield>
    <subfield code="b">evbr</subfield>
  </datafield>
</record>