

<record>
  <leader>     nz  a22     n  4500</leader>
  <datafield tag="900" ind1=" " ind2=" ">
    <subfield code="a">*J-NÁVRH</subfield>
  </datafield>
  <controlfield tag="001">ntk20201096292</controlfield>
  <controlfield tag="003">CZ PrNK</controlfield>
  <controlfield tag="005">20201210101126.0</controlfield>
  <controlfield tag="008">201210|n|aznnnaabn           n a|a      </controlfield>
  <datafield tag="040" ind1=" " ind2=" ">
    <subfield code="a">ABA013</subfield>
    <subfield code="b">cze</subfield>
    <subfield code="e">rda</subfield>
  </datafield>
  <datafield tag="100" ind1="1" ind2=" ">
    <subfield code="a">Zhang, Yumin</subfield>
    <subfield code="7">ntk20201096292</subfield>
  </datafield>
  <datafield tag="368" ind1=" " ind2=" ">
    <subfield code="d">Prof.</subfield>
  </datafield>
  <datafield tag="368" ind1=" " ind2=" ">
    <subfield code="d">Ph.D. (Electrical Engineering)</subfield>
    <subfield code="s">2000</subfield>
  </datafield>
  <datafield tag="368" ind1=" " ind2=" ">
    <subfield code="d">M.S. (Electrical Engineering)</subfield>
    <subfield code="s">1997</subfield>
  </datafield>
  <datafield tag="368" ind1=" " ind2=" ">
    <subfield code="d">M.S. (Physics)</subfield>
    <subfield code="s">1989</subfield>
  </datafield>
  <datafield tag="368" ind1=" " ind2=" ">
    <subfield code="d">B.S. (Engineering Mechanics)</subfield>
    <subfield code="s">1986</subfield>
  </datafield>
  <datafield tag="370" ind1=" " ind2=" ">
    <subfield code="c">Spojené státy americké</subfield>
    <subfield code="c">Čína</subfield>
  </datafield>
  <datafield tag="372" ind1=" " ind2=" ">
    <subfield code="a">fyzika</subfield>
    <subfield code="a">polovodiče</subfield>
    <subfield code="a">elektronické obvody</subfield>
    <subfield code="a">mikroelektronika</subfield>
    <subfield code="a">inženýrská pedagogika</subfield>
    <subfield code="a">čínské písmo</subfield>
  </datafield>
  <datafield tag="373" ind1=" " ind2=" ">
    <subfield code="a">Southeast Missouri State University</subfield>
    <subfield code="s">2007</subfield>
    <subfield code="2">LC (Names)</subfield>
  </datafield>
  <datafield tag="373" ind1=" " ind2=" ">
    <subfield code="a">Oklahoma State University</subfield>
    <subfield code="s">2001</subfield>
    <subfield code="t">2007</subfield>
    <subfield code="2">LC (Names)</subfield>
  </datafield>
  <datafield tag="373" ind1=" " ind2=" ">
    <subfield code="a">University of Wisconsin--Platteville</subfield>
    <subfield code="s">2000</subfield>
    <subfield code="t">2001</subfield>
    <subfield code="2">LC (Names)</subfield>
  </datafield>
  <datafield tag="373" ind1=" " ind2=" ">
    <subfield code="a">Zhongguo ke xue yuan</subfield>
    <subfield code="s">1989</subfield>
    <subfield code="t">1995</subfield>
  </datafield>
  <datafield tag="373" ind1=" " ind2=" ">
    <subfield code="a">Institute of Electrical and Electronics Engineers</subfield>
    <subfield code="a">American Physical Society</subfield>
    <subfield code="a">American Society for Engineering Education</subfield>
    <subfield code="a">University of Minnesota</subfield>
    <subfield code="a">Zhejiang da xue</subfield>
    <subfield code="a">Qing hua da xue (Peking, Čína)</subfield>
  </datafield>
  <datafield tag="374" ind1=" " ind2=" ">
    <subfield code="a">vysokoškolští učitelé</subfield>
    <subfield code="a">fyzici</subfield>
    <subfield code="a">elektroinženýři</subfield>
  </datafield>
  <datafield tag="375" ind1=" " ind2=" ">
    <subfield code="a">muž</subfield>
  </datafield>
  <datafield tag="377" ind1=" " ind2=" ">
    <subfield code="a">eng</subfield>
  </datafield>
  <datafield tag="667" ind1=" " ind2=" ">
    <subfield code="a">Databáze LC (Names) uvádí jako doplněk jména "Associate professor of physics".</subfield>
  </datafield>
  <datafield tag="670" ind1=" " ind2=" ">
    <subfield code="a">Zhang, Yumin: The tao of microelectronics, ©2014</subfield>
    <subfield code="b">profesní údaje</subfield>
  </datafield>
  <datafield tag="670" ind1=" " ind2=" ">
    <subfield code="a">LC (Names), cit. 10. 12. 2020</subfield>
    <subfield code="b">autoritní forma</subfield>
  </datafield>
  <datafield tag="670" ind1=" " ind2=" ">
    <subfield code="a">www(Southeast Missouri State University), cit. 10. 12. 2020</subfield>
    <subfield code="b">profesní údaje</subfield>
  </datafield>
  <datafield tag="678" ind1="0" ind2=" ">
    <subfield code="a">Fyzik, elektroinženýr a vysokoškolský pedagog, soustředí se zejména na polovodičová zařízení, elektronické obvody a ddidaktiku fyziky a inženýrskou pedagogiku. Je také autorem učebnice čísnkých znaků pro cizince. Publikace v oboru.</subfield>
  </datafield>
  <datafield tag="906" ind1=" " ind2=" ">
    <subfield code="a">za20201210</subfield>
    <subfield code="b">jkre</subfield>
  </datafield>
</record>