

<record>
  <leader>     nz  a22     n  4500</leader>
  <controlfield tag="001">kon20201096300</controlfield>
  <controlfield tag="003">CZ PrNK</controlfield>
  <controlfield tag="005">20201210104325.0</controlfield>
  <controlfield tag="008">201210|n|aznnnaabn           n a|a      </controlfield>
  <datafield tag="040" ind1=" " ind2=" ">
    <subfield code="a">ABA001</subfield>
    <subfield code="b">cze</subfield>
    <subfield code="e">rda</subfield>
  </datafield>
  <datafield tag="110" ind1="1" ind2=" ">
    <subfield code="a">Česko.</subfield>
    <subfield code="t">Stavební zákon(2006, novely 2020)</subfield>
    <subfield code="7">kon20201096300</subfield>
  </datafield>
  <datafield tag="667" ind1=" " ind2=" ">
    <subfield code="a">Zákon č. 183/2006 Sb., ze dne 14.03.2006, změna zákonem č. 47/2020 Sb. a zákonem č. 403/2020 Sb.</subfield>
  </datafield>
  <datafield tag="670" ind1=" " ind2=" ">
    <subfield code="a">Sbírka zákonů ČR</subfield>
  </datafield>
  <datafield tag="670" ind1=" " ind2=" ">
    <subfield code="a">www(www.mmr.cz)</subfield>
  </datafield>
  <datafield tag="670" ind1=" " ind2=" ">
    <subfield code="a">Stavební zákon : praktický komentář / Petr Průcha, Jana Gregorová a kolektiv autorů ve složení: Ján Bahýľ, Eva Hamrlová, Stanislava Neubauerová, Pavel Půček, Martin Studnička, Jana Vašíková, Dominik Židek. Praha : Leges, 2020</subfield>
  </datafield>
  <datafield tag="906" ind1=" " ind2=" ">
    <subfield code="a">br20201210</subfield>
    <subfield code="b">hape</subfield>
  </datafield>
  <datafield tag="906" ind1=" " ind2=" ">
    <subfield code="a">ks20201210</subfield>
    <subfield code="b">hape</subfield>
  </datafield>
</record>