

<record>
  <leader>     nz  a22     n  4500</leader>
  <datafield tag="900" ind1=" " ind2=" ">
    <subfield code="a">J-NÁVRH-STT</subfield>
  </datafield>
  <controlfield tag="001">ntk20201096304</controlfield>
  <controlfield tag="003">CZ PrNK</controlfield>
  <controlfield tag="005">20201210124125.0</controlfield>
  <controlfield tag="008">201210|n|aznnnaabn           n a|a      </controlfield>
  <datafield tag="040" ind1=" " ind2=" ">
    <subfield code="a">ABA013</subfield>
    <subfield code="b">cze</subfield>
    <subfield code="e">rda</subfield>
  </datafield>
  <datafield tag="046" ind1=" " ind2=" ">
    <subfield code="f">1713</subfield>
  </datafield>
  <datafield tag="100" ind1="1" ind2=" ">
    <subfield code="a">Weitbrecht, Johann Jakob,</subfield>
    <subfield code="d">1713-</subfield>
    <subfield code="7">ntk20201096304</subfield>
  </datafield>
  <datafield tag="370" ind1=" " ind2=" ">
    <subfield code="c">Greifswald, Německo</subfield>
    <subfield code="s">1734</subfield>
    <subfield code="t">1761</subfield>
  </datafield>
  <datafield tag="370" ind1=" " ind2=" ">
    <subfield code="f">Greifswald, Německo</subfield>
    <subfield code="s">1734</subfield>
    <subfield code="t">1761</subfield>
  </datafield>
  <datafield tag="370" ind1=" " ind2=" ">
    <subfield code="f">Stralsund, Německo</subfield>
    <subfield code="s">1751</subfield>
    <subfield code="t">1751</subfield>
  </datafield>
  <datafield tag="370" ind1=" " ind2=" ">
    <subfield code="f">Stargard, Polsko</subfield>
    <subfield code="s">1750</subfield>
    <subfield code="t">1751</subfield>
  </datafield>
  <datafield tag="372" ind1=" " ind2=" ">
    <subfield code="a">nakladatelství a vydavatelství</subfield>
    <subfield code="a">knižní produkce</subfield>
    <subfield code="a">knižní kultura</subfield>
    <subfield code="a">knižní obchod</subfield>
    <subfield code="a">prodej publikací</subfield>
  </datafield>
  <datafield tag="374" ind1=" " ind2=" ">
    <subfield code="a">nakladatelé a vydavatelé</subfield>
    <subfield code="a">knihkupci</subfield>
  </datafield>
  <datafield tag="375" ind1=" " ind2=" ">
    <subfield code="a">muž</subfield>
  </datafield>
  <datafield tag="377" ind1=" " ind2=" ">
    <subfield code="a">ger</subfield>
    <subfield code="a">lat</subfield>
  </datafield>
  <datafield tag="400" ind1="1" ind2=" ">
    <subfield code="a">Weitbrecht, Johann Jakob,</subfield>
    <subfield code="c">Senior,</subfield>
    <subfield code="d">1713-</subfield>
    <subfield code="0">o</subfield>
  </datafield>
  <datafield tag="400" ind1="1" ind2=" ">
    <subfield code="a">Weitbrechtus, Joannes Jacobus,</subfield>
    <subfield code="d">1713-</subfield>
    <subfield code="0">o</subfield>
  </datafield>
  <datafield tag="400" ind1="1" ind2=" ">
    <subfield code="a">Weitbrecht, Johann Jacob,</subfield>
    <subfield code="d">1713-</subfield>
    <subfield code="0">o</subfield>
  </datafield>
  <datafield tag="400" ind1="1" ind2=" ">
    <subfield code="a">Weitbrechtus, Johannes Jacobus,</subfield>
    <subfield code="d">1713-</subfield>
    <subfield code="0">o</subfield>
  </datafield>
  <datafield tag="400" ind1="1" ind2=" ">
    <subfield code="a">Weitbrecht, Johannes Jacobus,</subfield>
    <subfield code="d">1713-</subfield>
    <subfield code="0">o</subfield>
  </datafield>
  <datafield tag="500" ind1="1" ind2=" ">
    <subfield code="a">Vejtbrecht, Iogann Jakob,</subfield>
    <subfield code="d">1744-1803</subfield>
    <subfield code="7">js2013740463</subfield>
  </datafield>
  <datafield tag="665" ind1=" " ind2=" ">
    <subfield code="a">Pokračovatel: Vejtbrecht, Iogann Jakob (1744-1803)</subfield>
  </datafield>
  <datafield tag="667" ind1=" " ind2=" ">
    <subfield code="a">http://d-nb.info/gnd/129302414.</subfield>
  </datafield>
  <datafield tag="670" ind1=" " ind2=" ">
    <subfield code="a">Der Ingenieur im Felde. Mit fünf Kupfern. Von J. G. Picht. Stralsund und Leipzig: bey Johann Jacob Weitbrecht, 1761</subfield>
    <subfield code="b">odkaz viz</subfield>
    <subfield code="u">https://digitale-bibliothek-mv.de/viewer/resolver?urn=urn:nbn:de:gbv:9-g-4899754</subfield>
  </datafield>
  <datafield tag="670" ind1=" " ind2=" ">
    <subfield code="a">DNB, cit. 11. 12. 2020</subfield>
    <subfield code="b">autoritní forma, odkazy viz, data a místa činnosti</subfield>
    <subfield code="u">http://d-nb.info/gnd/129302414</subfield>
  </datafield>
  <datafield tag="670" ind1=" " ind2=" ">
    <subfield code="a">www(Wikipedia, die freie Enzyklopädie, Johann Jakob Weitbrecht (Typograf)), cit. 10. 12. 2020</subfield>
    <subfield code="b">odkaz viz a datum narození otce v oddíle Biografie syna</subfield>
    <subfield code="u">https://de.wikipedia.org/wiki/Johann_Jakob_Weitbrecht_(Typograf)</subfield>
  </datafield>
  <datafield tag="678" ind1="0" ind2=" ">
    <subfield code="a">Německý nakladatel a knihkupec působící v letech 1734- 1761 v Greifswaldu, v letech 1750-1751 také ve Stargardu (Pomořansko) a v roce 1751 ve Stralsundu. Pokračovatelem v jeho činnosti byl jeho stejnojmenný syn nakladatel a obchodník s hudebninami Johann Jakob Weitbrecht, junior (1744-1803), který podnikal v ruském Petrohradě (jeho jméno se vyskytuje i různých v ruských formách).</subfield>
  </datafield>
  <datafield tag="906" ind1=" " ind2=" ">
    <subfield code="a">za20201210</subfield>
    <subfield code="b">evbr</subfield>
  </datafield>
  <datafield tag="906" ind1=" " ind2=" ">
    <subfield code="a">ko20201210</subfield>
    <subfield code="b">evbr</subfield>
  </datafield>
</record>