

<record>
  <leader>     cz  a22     n  4500</leader>
  <controlfield tag="001">ge1096306</controlfield>
  <controlfield tag="003">CZ PrNK</controlfield>
  <controlfield tag="005">20201210121207.0</controlfield>
  <controlfield tag="008">201210|n|acznnbabn           n a|a      </controlfield>
  <datafield tag="034" ind1=" " ind2=" ">
    <subfield code="d">E013.5129</subfield>
    <subfield code="e">E013.5129</subfield>
    <subfield code="f">N053.9564</subfield>
    <subfield code="g">N053.9564</subfield>
  </datafield>
  <datafield tag="040" ind1=" " ind2=" ">
    <subfield code="a">ABA001</subfield>
    <subfield code="b">cze</subfield>
    <subfield code="d">ABA001</subfield>
  </datafield>
  <datafield tag="043" ind1=" " ind2=" ">
    <subfield code="a">e-gx---</subfield>
    <subfield code="a">e-pl---</subfield>
  </datafield>
  <datafield tag="080" ind1=" " ind2=" ">
    <subfield code="a">(430+438)</subfield>
    <subfield code="2">MRF_2014</subfield>
  </datafield>
  <datafield tag="151" ind1=" " ind2=" ">
    <subfield code="a">Švédské Pomořansko (Německo a Polsko)</subfield>
    <subfield code="7">ge1096306</subfield>
  </datafield>
  <datafield tag="MOR" ind1=" " ind2=" ">
    <subfield code="a">Švédské Pomořany (Německo a Polsko)</subfield>
    <subfield code="7">ge1096306</subfield>
  </datafield>
  <datafield tag="451" ind1=" " ind2=" ">
    <subfield code="a">Švédské Pomořany (Německo a Polsko)</subfield>
    <subfield code="0">o</subfield>
  </datafield>
  <datafield tag="451" ind1=" " ind2=" ">
    <subfield code="a">Svenska Pommern (Německo a Polsko)</subfield>
    <subfield code="0">o</subfield>
  </datafield>
  <datafield tag="451" ind1=" " ind2=" ">
    <subfield code="a">Schwedisch-Pommern (Německo a Polsko)</subfield>
    <subfield code="0">o</subfield>
  </datafield>
  <datafield tag="551" ind1=" " ind2=" ">
    <subfield code="w">g</subfield>
    <subfield code="a">Pomořansko (Německo a Polsko)</subfield>
    <subfield code="7">ge130481</subfield>
  </datafield>
  <datafield tag="551" ind1=" " ind2=" ">
    <subfield code="w">g</subfield>
    <subfield code="a">Švédsko</subfield>
    <subfield code="7">ge134629</subfield>
  </datafield>
  <datafield tag="670" ind1=" " ind2=" ">
    <subfield code="a">www(Wikipedie, otevřená encyklopedie), cit. 10. 12. 2020</subfield>
  </datafield>
  <datafield tag="678" ind1=" " ind2=" ">
    <subfield code="a">Území části historického Pomořanska ovládané v letech 1630 až 1815 švédskou korunou, leželo u baltského pobřeží na území dnešního severovýchodního Německa a severozápadního Polska.</subfield>
  </datafield>
  <datafield tag="751" ind1="0" ind2="7">
    <subfield code="a">Swedish Pomerania (Germany and Poland)</subfield>
    <subfield code="2">eczenas</subfield>
  </datafield>
  <datafield tag="856" ind1="4" ind2="2">
    <subfield code="u">https://cs.wikipedia.org/wiki/%C5%A0v%C3%A9dsk%C3%A9_Pomo%C5%99any</subfield>
    <subfield code="4">N</subfield>
  </datafield>
  <datafield tag="GPS" ind1=" " ind2=" ">
    <subfield code="a">53°57'23.1"N</subfield>
    <subfield code="c">13°30'46.3"E</subfield>
  </datafield>
  <datafield tag="956" ind1="4" ind2=" ">
    <subfield code="u">http://aleph.nkp.cz/aleph-cgi/show_map?ll=53.95642,13.51286&amp;z=12</subfield>
    <subfield code="y">Zobrazit na mapě</subfield>
    <subfield code="4">N</subfield>
  </datafield>
  <datafield tag="906" ind1=" " ind2=" ">
    <subfield code="a">wp20201210</subfield>
    <subfield code="b">mase</subfield>
  </datafield>
  <datafield tag="906" ind1=" " ind2=" ">
    <subfield code="a">wz20201210</subfield>
    <subfield code="b">mase</subfield>
  </datafield>
</record>