

<record>
  <leader>     nz  a22     n  4500</leader>
  <controlfield tag="001">ko20201096313</controlfield>
  <controlfield tag="003">CZ PrNK</controlfield>
  <controlfield tag="005">20201210111342.0</controlfield>
  <controlfield tag="008">201210|n|aznnnaabn           n a|a      </controlfield>
  <datafield tag="040" ind1=" " ind2=" ">
    <subfield code="a">ABA001</subfield>
    <subfield code="b">cze</subfield>
    <subfield code="e">rda</subfield>
  </datafield>
  <datafield tag="110" ind1="2" ind2=" ">
    <subfield code="a">Revírní báňský úřad České Budějovice</subfield>
    <subfield code="7">ko20201096313</subfield>
  </datafield>
  <datafield tag="368" ind1=" " ind2=" ">
    <subfield code="a">správní orgány</subfield>
    <subfield code="a">instituce a organizace</subfield>
  </datafield>
  <datafield tag="370" ind1=" " ind2=" ">
    <subfield code="c">Česko</subfield>
    <subfield code="e">České Budějovice, Česko</subfield>
    <subfield code="f">Československo</subfield>
  </datafield>
  <datafield tag="372" ind1=" " ind2=" ">
    <subfield code="a">hornictví</subfield>
  </datafield>
  <datafield tag="377" ind1=" " ind2=" ">
    <subfield code="a">cze</subfield>
    <subfield code="a">ger</subfield>
  </datafield>
  <datafield tag="410" ind1="2" ind2=" ">
    <subfield code="a">Báňský revírní úřad České Budějovice</subfield>
    <subfield code="0">o</subfield>
  </datafield>
  <datafield tag="670" ind1=" " ind2=" ">
    <subfield code="a">www(Badatelna.eu - Státní oblastní archiv v Třeboni - Revírní báňský úřad České Budějovice)</subfield>
    <subfield code="u">http://badatelna.eu/instituce/Statni_oblastni_archiv_v_Treboni/fondy/?s=70</subfield>
  </datafield>
  <datafield tag="906" ind1=" " ind2=" ">
    <subfield code="a">br20201210</subfield>
    <subfield code="b">svsv</subfield>
  </datafield>
</record>