

<record>
  <leader>     nz  a22     n  4500</leader>
  <controlfield tag="001">ko20201096314</controlfield>
  <controlfield tag="003">CZ PrNK</controlfield>
  <controlfield tag="005">20201210114830.0</controlfield>
  <controlfield tag="008">201210|n|aznnnaabn           n a|a      </controlfield>
  <datafield tag="040" ind1=" " ind2=" ">
    <subfield code="a">ABA001</subfield>
    <subfield code="b">cze</subfield>
    <subfield code="d">ABA001</subfield>
    <subfield code="e">rda</subfield>
  </datafield>
  <datafield tag="110" ind1="2" ind2=" ">
    <subfield code="a">Open Society Roma Initiatives</subfield>
    <subfield code="7">ko20201096314</subfield>
  </datafield>
  <datafield tag="368" ind1=" " ind2=" ">
    <subfield code="a">instituce a organizace</subfield>
  </datafield>
  <datafield tag="370" ind1=" " ind2=" ">
    <subfield code="c">Maďarsko</subfield>
    <subfield code="c">Německo</subfield>
    <subfield code="e">Budapešť, Maďarsko</subfield>
    <subfield code="e">Berlín, Německo</subfield>
  </datafield>
  <datafield tag="372" ind1=" " ind2=" ">
    <subfield code="a">romská otázka</subfield>
    <subfield code="a">Romové</subfield>
    <subfield code="a">lidská práva</subfield>
    <subfield code="a">práva menšin</subfield>
  </datafield>
  <datafield tag="377" ind1=" " ind2=" ">
    <subfield code="a">eng</subfield>
    <subfield code="a">ger</subfield>
  </datafield>
  <datafield tag="410" ind1="2" ind2=" ">
    <subfield code="a">Open Society Institute.</subfield>
    <subfield code="b">Roma Initiatives</subfield>
    <subfield code="0">o</subfield>
  </datafield>
  <datafield tag="410" ind1="2" ind2=" ">
    <subfield code="a">Open Society Institute.</subfield>
    <subfield code="b">Open Society Roma Initiatives</subfield>
    <subfield code="0">o</subfield>
  </datafield>
  <datafield tag="410" ind1="2" ind2=" ">
    <subfield code="a">Roma Initiatives Office</subfield>
    <subfield code="0">o</subfield>
  </datafield>
  <datafield tag="670" ind1=" " ind2=" ">
    <subfield code="a">Beyond rhetoric : Roma integration roadmap for 2020 : priorities for an EU framework for national Roma integration strategies</subfield>
    <subfield code="b">odkaz viz</subfield>
  </datafield>
  <datafield tag="670" ind1=" " ind2=" ">
    <subfield code="a">LC (Names), cit. 10.12.2020</subfield>
    <subfield code="b">autoritní forma podle: Open Society Justice Initiative</subfield>
  </datafield>
  <datafield tag="670" ind1=" " ind2=" ">
    <subfield code="a">www(Open Society Foundations), cit. 10.12.2020</subfield>
    <subfield code="b">odkaz viz: Roma Initiatives Office</subfield>
  </datafield>
  <datafield tag="670" ind1=" " ind2=" ">
    <subfield code="a">www(Facebook - Open Society Roma Initiatives), cit. 10.12.2020</subfield>
    <subfield code="b">autoritní forma</subfield>
    <subfield code="u">https://www.facebook.com/RomaInitiatives/</subfield>
  </datafield>
  <datafield tag="906" ind1=" " ind2=" ">
    <subfield code="a">za20201210</subfield>
    <subfield code="b">klou</subfield>
  </datafield>
  <datafield tag="906" ind1=" " ind2=" ">
    <subfield code="a">vr20201210</subfield>
    <subfield code="b">svsv</subfield>
  </datafield>
</record>