

<record>
  <leader>     nz  a22     n  4500</leader>
  <controlfield tag="001">ge1096317</controlfield>
  <controlfield tag="003">CZ PrNK</controlfield>
  <controlfield tag="005">20201210112728.0</controlfield>
  <controlfield tag="008">201210|n|acznnaabn           n a|a      </controlfield>
  <datafield tag="034" ind1=" " ind2=" ">
    <subfield code="d">E016.6355</subfield>
    <subfield code="e">E016.6355</subfield>
    <subfield code="f">N058.9076</subfield>
    <subfield code="g">N058.9076</subfield>
  </datafield>
  <datafield tag="040" ind1=" " ind2=" ">
    <subfield code="a">ABA001</subfield>
    <subfield code="b">cze</subfield>
  </datafield>
  <datafield tag="043" ind1=" " ind2=" ">
    <subfield code="a">e-sw---</subfield>
  </datafield>
  <datafield tag="080" ind1=" " ind2=" ">
    <subfield code="a">(485)</subfield>
    <subfield code="2">MRF_2014</subfield>
  </datafield>
  <datafield tag="151" ind1=" " ind2=" ">
    <subfield code="a">Bettna (Švédsko)</subfield>
    <subfield code="7">ge1096317</subfield>
  </datafield>
  <datafield tag="670" ind1=" " ind2=" ">
    <subfield code="a">www(Wikipedie, otevřená encyklopedie), cit. 10. 12. 2020</subfield>
  </datafield>
  <datafield tag="678" ind1=" " ind2=" ">
    <subfield code="a">Obec ve Flens kommun v provincii Södermanland.</subfield>
  </datafield>
  <datafield tag="751" ind1="0" ind2="7">
    <subfield code="a">Bettna (Sweden)</subfield>
    <subfield code="2">eczenas</subfield>
  </datafield>
  <datafield tag="856" ind1="4" ind2="2">
    <subfield code="u">https://en.wikipedia.org/wiki/Bettna</subfield>
    <subfield code="4">N</subfield>
  </datafield>
  <datafield tag="GPS" ind1=" " ind2=" ">
    <subfield code="a">58°54'27.5"N</subfield>
    <subfield code="c">16°38'7.9"E</subfield>
  </datafield>
  <datafield tag="956" ind1="4" ind2=" ">
    <subfield code="u">http://aleph.nkp.cz/aleph-cgi/show_map?ll=58.90764,16.63553&amp;z=12</subfield>
    <subfield code="y">Zobrazit na mapě</subfield>
    <subfield code="4">N</subfield>
  </datafield>
  <datafield tag="906" ind1=" " ind2=" ">
    <subfield code="a">wp20201210</subfield>
    <subfield code="b">mase</subfield>
  </datafield>
  <datafield tag="950" ind1="1" ind2=" ">
    <subfield code="a">správní celek</subfield>
  </datafield>
</record>