

<record>
  <leader>     nz  a22     n  4500</leader>
  <datafield tag="900" ind1=" " ind2=" ">
    <subfield code="a">J-NÁVRH</subfield>
  </datafield>
  <controlfield tag="001">xx0255112</controlfield>
  <controlfield tag="003">CZ PrNK</controlfield>
  <controlfield tag="005">20201210112558.7</controlfield>
  <controlfield tag="008">201210|n|aznnnaabn           n a|a      </controlfield>
  <datafield tag="040" ind1=" " ind2=" ">
    <subfield code="a">ABA008</subfield>
    <subfield code="b">cze</subfield>
    <subfield code="e">rda</subfield>
  </datafield>
  <datafield tag="100" ind1="1" ind2=" ">
    <subfield code="a">Mládek, Arnošt</subfield>
    <subfield code="7">xx0255112</subfield>
  </datafield>
  <datafield tag="368" ind1=" " ind2=" ">
    <subfield code="d">Mgr.</subfield>
    <subfield code="s">2010</subfield>
  </datafield>
  <datafield tag="368" ind1=" " ind2=" ">
    <subfield code="d">Mgr.</subfield>
    <subfield code="s">2015</subfield>
  </datafield>
  <datafield tag="368" ind1=" " ind2=" ">
    <subfield code="d">RNDr.</subfield>
    <subfield code="s">2011</subfield>
  </datafield>
  <datafield tag="368" ind1=" " ind2=" ">
    <subfield code="d">Ph.D.</subfield>
    <subfield code="s">2014</subfield>
  </datafield>
  <datafield tag="370" ind1=" " ind2=" ">
    <subfield code="c">Česko</subfield>
  </datafield>
  <datafield tag="372" ind1=" " ind2=" ">
    <subfield code="a">biochemie</subfield>
    <subfield code="a">biofyzika</subfield>
    <subfield code="a">chemická fyzika</subfield>
    <subfield code="a">bioinformatika</subfield>
    <subfield code="a">kybernetika</subfield>
  </datafield>
  <datafield tag="374" ind1=" " ind2=" ">
    <subfield code="a">biofyzici</subfield>
    <subfield code="a">biochemici</subfield>
  </datafield>
  <datafield tag="375" ind1=" " ind2=" ">
    <subfield code="a">muž</subfield>
  </datafield>
  <datafield tag="377" ind1=" " ind2=" ">
    <subfield code="a">cze</subfield>
  </datafield>
  <datafield tag="670" ind1=" " ind2=" ">
    <subfield code="a">Mládek, Arnošt ... [et al.]: Quantum Chemical Calculations of NMR Chemical Shifts in Phosphorylated Intrinsically Disordered Proteins, Journal of chemical theory and computation, 2019, roč. 15, č. 10, s. 5642-5658.</subfield>
    <subfield code="b">autoritní forma</subfield>
  </datafield>
  <datafield tag="670" ind1=" " ind2=" ">
    <subfield code="a">www(RNDr. Mgr. Arnošt Mládek, Ph.D. - CEITEC - výzkumné centrum), cit. 10. 12. 2020</subfield>
    <subfield code="b">profesní data</subfield>
  </datafield>
  <datafield tag="670" ind1=" " ind2=" ">
    <subfield code="a">www(Theses.cz), cit. 10. 12. 2020</subfield>
    <subfield code="b">studium a další studium</subfield>
  </datafield>
  <datafield tag="670" ind1=" " ind2=" ">
    <subfield code="a">www(IS Masarykovy univerzity), cit. 10. 12. 2020), cit. 10. 12. 2020</subfield>
    <subfield code="b">rigorózní práce</subfield>
  </datafield>
  <datafield tag="670" ind1=" " ind2=" ">
    <subfield code="a">(www(Digitální repozitář Univerzity Karlovy), cit. 10. 12. 2020), cit. 10. 12. 2020), cit. 10. 12. 2020</subfield>
    <subfield code="b">další magisterské studium</subfield>
  </datafield>
  <datafield tag="670" ind1=" " ind2=" ">
    <subfield code="a">www(Mládek, Arnošt, RNDr. Mgr. et Mgr., Ph.D. - Usermap - ČVUT), cit. 10. 12. 2020</subfield>
    <subfield code="b">další aktivity</subfield>
  </datafield>
  <datafield tag="678" ind1="0" ind2=" ">
    <subfield code="a">RNDr.,Mgr. et Mgr., Ph.D.; výzkumný vědecký pracovník, univerzitní pedagog v oblasti biofyziky a biomolekulární chemie, v současnosti dále studuje na ČVUT obor kybernetika (Kognitivní systémy a neurovědy, Český institut informatiky, robotiky a kybernetiky, ČVUT v Praze; CEITEC - výzkumné centrum, Brno).</subfield>
  </datafield>
  <datafield tag="906" ind1=" " ind2=" ">
    <subfield code="a">za20201210</subfield>
    <subfield code="b">xlufr</subfield>
  </datafield>
</record>