

<record>
  <leader>     nz  a22     n  4500</leader>
  <datafield tag="900" ind1=" " ind2=" ">
    <subfield code="a">J-NÁVRH</subfield>
  </datafield>
  <controlfield tag="001">ntk20201096357</controlfield>
  <controlfield tag="003">CZ PrNK</controlfield>
  <controlfield tag="005">20201211134724.0</controlfield>
  <controlfield tag="008">201210|n|aznnnaabn           n a|a      </controlfield>
  <datafield tag="024" ind1="7" ind2=" ">
    <subfield code="a">0000-0001-8652-5411</subfield>
    <subfield code="2">orcid</subfield>
  </datafield>
  <datafield tag="024" ind1="7" ind2=" ">
    <subfield code="a">Q79148532</subfield>
    <subfield code="2">wikidata</subfield>
  </datafield>
  <datafield tag="040" ind1=" " ind2=" ">
    <subfield code="a">ABA013</subfield>
    <subfield code="b">cze</subfield>
    <subfield code="e">rda</subfield>
  </datafield>
  <datafield tag="046" ind1=" " ind2=" ">
    <subfield code="f">1968</subfield>
  </datafield>
  <datafield tag="100" ind1="1" ind2=" ">
    <subfield code="a">Santiago, Juan G.,</subfield>
    <subfield code="d">1968-</subfield>
    <subfield code="7">ntk20201096357</subfield>
  </datafield>
  <datafield tag="368" ind1=" " ind2=" ">
    <subfield code="d">Ph.D. (Mechanical Engineering)</subfield>
    <subfield code="s">1995</subfield>
  </datafield>
  <datafield tag="370" ind1=" " ind2=" ">
    <subfield code="a">San Juan, Portoriko</subfield>
    <subfield code="c">Spojené státy americké</subfield>
  </datafield>
  <datafield tag="372" ind1=" " ind2=" ">
    <subfield code="a">strojní inženýrství</subfield>
    <subfield code="a">mikrofluidika</subfield>
    <subfield code="a">mechanika tekutin</subfield>
    <subfield code="a">elektrokinetika</subfield>
    <subfield code="a">sdílení tepla</subfield>
    <subfield code="a">transportní jevy</subfield>
  </datafield>
  <datafield tag="373" ind1=" " ind2=" ">
    <subfield code="a">Stanford University</subfield>
  </datafield>
  <datafield tag="374" ind1=" " ind2=" ">
    <subfield code="a">strojní inženýři</subfield>
    <subfield code="a">vysokoškolští učitelé</subfield>
    <subfield code="a">vědci</subfield>
  </datafield>
  <datafield tag="375" ind1=" " ind2=" ">
    <subfield code="a">muž</subfield>
  </datafield>
  <datafield tag="377" ind1=" " ind2=" ">
    <subfield code="a">eng</subfield>
  </datafield>
  <datafield tag="400" ind1="1" ind2=" ">
    <subfield code="a">Santiago, Juan Gabriel,</subfield>
    <subfield code="d">1968-</subfield>
    <subfield code="0">o</subfield>
  </datafield>
  <datafield tag="400" ind1="1" ind2=" ">
    <subfield code="a">Santiago, J. G.,</subfield>
    <subfield code="d">1968-</subfield>
    <subfield code="0">o</subfield>
  </datafield>
  <datafield tag="400" ind1="1" ind2=" ">
    <subfield code="a">Santiago, Juan,</subfield>
    <subfield code="d">1968-</subfield>
    <subfield code="0">o</subfield>
  </datafield>
  <datafield tag="670" ind1=" " ind2=" ">
    <subfield code="a">Santiago, Juan G.: A first course in dimensional analysis, 2019</subfield>
    <subfield code="b">afiliace, profesní údaje</subfield>
  </datafield>
  <datafield tag="670" ind1=" " ind2=" ">
    <subfield code="a">LC (Names), cit. 10. 12. 2020</subfield>
    <subfield code="b">autoritní forma</subfield>
  </datafield>
  <datafield tag="670" ind1=" " ind2=" ">
    <subfield code="a">Santiago, Juan Gabriel (dis): An experimental study of the velocity field of a transverse jet injected into a supersonic crossflow, 1995</subfield>
    <subfield code="b">odkaz viz, datum a místo narození</subfield>
  </datafield>
  <datafield tag="670" ind1=" " ind2=" ">
    <subfield code="a">www(Scopus), cit. 10. 12. 2020</subfield>
    <subfield code="b">odkazy viz</subfield>
  </datafield>
  <datafield tag="670" ind1=" " ind2=" ">
    <subfield code="a">www(Stanford University - Juan G. Santiago), cit. 10. 12. 2020</subfield>
    <subfield code="b">biografické a profesní údaje</subfield>
  </datafield>
  <datafield tag="678" ind1="0" ind2=" ">
    <subfield code="a">Strojní inženýr, vysokoškolský pedagog a výzkumný pracovník se zaměřením na mikrofluidika. Vede výzkumnou laboratoř Stanford Microfluidics Laboratory. Jeho výzkum zahrnuje aplikace mikrofluidik, kapacitní deionizaci (CDI) pro čištění vody, mikrofluidní trysky a směšovače pro kinetické reakce a přenos tepla v mikroskopickém měřítku. Publikace v oboru.</subfield>
  </datafield>
  <datafield tag="906" ind1=" " ind2=" ">
    <subfield code="a">za20201210</subfield>
    <subfield code="b">pavk</subfield>
  </datafield>
  <datafield tag="906" ind1=" " ind2=" ">
    <subfield code="a">ko20201211</subfield>
    <subfield code="b">msis</subfield>
  </datafield>
</record>