

<record>
  <leader>     nz  a22     n  4500</leader>
  <controlfield tag="001">ko20201096358</controlfield>
  <controlfield tag="003">CZ PrNK</controlfield>
  <controlfield tag="005">20201210135349.0</controlfield>
  <controlfield tag="008">201210|n|aznnnaabn           n a|a      </controlfield>
  <datafield tag="040" ind1=" " ind2=" ">
    <subfield code="a">ABA001</subfield>
    <subfield code="b">cze</subfield>
    <subfield code="e">rda</subfield>
  </datafield>
  <datafield tag="110" ind1="2" ind2=" ">
    <subfield code="a">Revírní a závodní rada při hornictví pro obvod plzeňského revírního báňského úřadu</subfield>
    <subfield code="7">ko20201096358</subfield>
  </datafield>
  <datafield tag="368" ind1=" " ind2=" ">
    <subfield code="a">správní orgány</subfield>
    <subfield code="a">instituce a organizace</subfield>
  </datafield>
  <datafield tag="370" ind1=" " ind2=" ">
    <subfield code="c">Česko</subfield>
    <subfield code="e">Plzeň, Česko</subfield>
    <subfield code="f">Československo</subfield>
  </datafield>
  <datafield tag="372" ind1=" " ind2=" ">
    <subfield code="a">hornictví</subfield>
  </datafield>
  <datafield tag="377" ind1=" " ind2=" ">
    <subfield code="a">cze</subfield>
    <subfield code="a">ger</subfield>
  </datafield>
  <datafield tag="410" ind1="2" ind2=" ">
    <subfield code="a">Revírní a závodní rada při hornictví pro obvod plzeňského revírního báňského úřadu v Plzni</subfield>
    <subfield code="0">o</subfield>
  </datafield>
  <datafield tag="410" ind1="2" ind2=" ">
    <subfield code="a">Revírní a závodní rada při hornictví pro obvod revíru plzeňského</subfield>
    <subfield code="0">o</subfield>
  </datafield>
  <datafield tag="410" ind1="2" ind2=" ">
    <subfield code="a">Revírní báňský úřad Plzeň.</subfield>
    <subfield code="b">Revírní a závodní rada</subfield>
    <subfield code="0">o</subfield>
  </datafield>
  <datafield tag="410" ind1="2" ind2=" ">
    <subfield code="a">Revírní báňský úřad Plzeň.</subfield>
    <subfield code="b">Revírní a závodní rada při hornictví</subfield>
    <subfield code="0">o</subfield>
  </datafield>
  <datafield tag="410" ind1="2" ind2=" ">
    <subfield code="a">Revier- und Betriebsrat für das Pilsner Revierbergamtsgebiet in Pilsen</subfield>
    <subfield code="2">czeger</subfield>
    <subfield code="0">o</subfield>
  </datafield>
  <datafield tag="510" ind1="2" ind2=" ">
    <subfield code="a">Revírní rada při hornictví pro obvod revíru plzeňského a českobudějovického</subfield>
    <subfield code="7">ko20201095333</subfield>
  </datafield>
  <datafield tag="670" ind1=" " ind2=" ">
    <subfield code="a">Stanovy revírní a závodní rady při hornictví pro obvod plzeňského revírního báňského úřadu v Plzni = Statuten des Revier- und Betriebsrates für das Pilsner Revierbergamtsgebiet in Pilsen</subfield>
    <subfield code="b">autoritní forma</subfield>
  </datafield>
  <datafield tag="906" ind1=" " ind2=" ">
    <subfield code="a">br20201210</subfield>
    <subfield code="b">svsv</subfield>
  </datafield>
</record>