

<record>
  <leader>     nz  a22     n  4500</leader>
  <controlfield tag="001">osa20201096367</controlfield>
  <controlfield tag="003">CZ PrNK</controlfield>
  <controlfield tag="005">20201210143109.0</controlfield>
  <controlfield tag="008">201210|n|aznnnaabn           n a|a      </controlfield>
  <datafield tag="040" ind1=" " ind2=" ">
    <subfield code="a">OSA001</subfield>
    <subfield code="b">cze</subfield>
    <subfield code="d">ABA001</subfield>
    <subfield code="e">rda</subfield>
  </datafield>
  <datafield tag="111" ind1="2" ind2=" ">
    <subfield code="a">Padesát let Výzkumného ústavu a.s. Vítkovice (konference)</subfield>
    <subfield code="d">(1996 :</subfield>
    <subfield code="c">Ostrava, Česko)</subfield>
    <subfield code="7">osa20201096367</subfield>
  </datafield>
  <datafield tag="368" ind1=" " ind2=" ">
    <subfield code="a">konference</subfield>
  </datafield>
  <datafield tag="370" ind1=" " ind2=" ">
    <subfield code="c">Česko</subfield>
    <subfield code="e">Ostrava, Česko</subfield>
  </datafield>
  <datafield tag="372" ind1=" " ind2=" ">
    <subfield code="a">výzkumné ústavy</subfield>
    <subfield code="a">metalurgie železa</subfield>
    <subfield code="a">metalurgie</subfield>
  </datafield>
  <datafield tag="377" ind1=" " ind2=" ">
    <subfield code="a">cze</subfield>
  </datafield>
  <datafield tag="411" ind1="2" ind2=" ">
    <subfield code="a">50 let Výzkumného ústavu a.s. Vítkovice (konference)</subfield>
    <subfield code="d">(1996 :</subfield>
    <subfield code="c">Ostrava, Česko)</subfield>
    <subfield code="0">o</subfield>
  </datafield>
  <datafield tag="411" ind1="2" ind2=" ">
    <subfield code="a">Konference 50 let Výzkumného ústavu a.s. Vítkovice</subfield>
    <subfield code="d">(1996 :</subfield>
    <subfield code="c">Ostrava, Česko)</subfield>
    <subfield code="0">o</subfield>
  </datafield>
  <datafield tag="670" ind1=" " ind2=" ">
    <subfield code="a">Padesát let Výzkumného ústavu a.s. Vítkovic, 1996</subfield>
  </datafield>
  <datafield tag="670" ind1=" " ind2=" ">
    <subfield code="a">www(Materiálový a metalurgický výzkum s.r.o.), cit. 10. 12. 2020</subfield>
  </datafield>
  <datafield tag="678" ind1=" " ind2=" ">
    <subfield code="a">Konference k výročí založení Výzkumných a zkušebních ústavů v rámci podniku Vítkovické železárny v r. 1946.</subfield>
  </datafield>
  <datafield tag="906" ind1=" " ind2=" ">
    <subfield code="a">ko20201210</subfield>
    <subfield code="b">xkaja</subfield>
  </datafield>
  <datafield tag="906" ind1=" " ind2=" ">
    <subfield code="a">vr20201210</subfield>
    <subfield code="b">svsv</subfield>
  </datafield>
</record>