

<record>
  <leader>     nz  a22     n  4500</leader>
  <controlfield tag="001">ko20201096388</controlfield>
  <controlfield tag="003">CZ PrNK</controlfield>
  <controlfield tag="005">20201211124203.0</controlfield>
  <controlfield tag="008">201210|n|aznnnaabn           n a|a      </controlfield>
  <datafield tag="040" ind1=" " ind2=" ">
    <subfield code="a">ABA001</subfield>
    <subfield code="b">cze</subfield>
    <subfield code="d">ABA001</subfield>
    <subfield code="e">rda</subfield>
  </datafield>
  <datafield tag="110" ind1="2" ind2=" ">
    <subfield code="a">Enhanced Integrated Framework</subfield>
    <subfield code="7">ko20201096388</subfield>
  </datafield>
  <datafield tag="368" ind1=" " ind2=" ">
    <subfield code="a">instituce a organizace</subfield>
  </datafield>
  <datafield tag="370" ind1=" " ind2=" ">
    <subfield code="c">Švýcarsko</subfield>
    <subfield code="e">Ženeva, Švýcarsko</subfield>
  </datafield>
  <datafield tag="372" ind1=" " ind2=" ">
    <subfield code="a">rozvojová pomoc</subfield>
    <subfield code="a">mezinárodní obchod</subfield>
    <subfield code="a">zahraniční obchod</subfield>
  </datafield>
  <datafield tag="410" ind1="2" ind2=" ">
    <subfield code="a">EIF (Enhanced Integrated Framework)</subfield>
    <subfield code="0">o</subfield>
  </datafield>
  <datafield tag="410" ind1="2" ind2=" ">
    <subfield code="a">Cadre intégré renforcé</subfield>
    <subfield code="2">czefre</subfield>
    <subfield code="0">o</subfield>
  </datafield>
  <datafield tag="410" ind1="2" ind2=" ">
    <subfield code="a">CIR (Cadre intégré renforcé)</subfield>
    <subfield code="2">czefre</subfield>
    <subfield code="0">o</subfield>
  </datafield>
  <datafield tag="410" ind1="2" ind2=" ">
    <subfield code="a">Quadro Integrado Reforçado</subfield>
    <subfield code="2">czepor</subfield>
    <subfield code="0">o</subfield>
  </datafield>
  <datafield tag="410" ind1="2" ind2=" ">
    <subfield code="a">QIR</subfield>
    <subfield code="2">czepor</subfield>
    <subfield code="0">o</subfield>
  </datafield>
  <datafield tag="670" ind1=" " ind2=" ">
    <subfield code="a">World Trade Organization, Enhanced Integrated Framework: Trade impacts of LDC graduation</subfield>
    <subfield code="b">autoritní forma</subfield>
  </datafield>
  <datafield tag="670" ind1=" " ind2=" ">
    <subfield code="a">LC (Names), cit. 10.12.2020</subfield>
    <subfield code="b">autoritní forma; odkaz viz</subfield>
  </datafield>
  <datafield tag="670" ind1=" " ind2=" ">
    <subfield code="a">www(Enhanced Integrated Framework), cit. 10.12.2020</subfield>
    <subfield code="b">autoritní forma; odkazy viz</subfield>
    <subfield code="u">https://www.enhancedif.org/</subfield>
  </datafield>
  <datafield tag="670" ind1=" " ind2=" ">
    <subfield code="a">www(Wikipedia, The Free Encyclopedia), cit. 10.12.2020</subfield>
    <subfield code="b">autoritní forma; odkazy viz</subfield>
  </datafield>
  <datafield tag="906" ind1=" " ind2=" ">
    <subfield code="a">za20201210</subfield>
    <subfield code="b">klou</subfield>
  </datafield>
  <datafield tag="906" ind1=" " ind2=" ">
    <subfield code="a">vr20201211</subfield>
    <subfield code="b">svsv</subfield>
  </datafield>
</record>