

<record>
  <leader>     nz  a22     n  4500</leader>
  <datafield tag="900" ind1=" " ind2=" ">
    <subfield code="a">J-NÁVRH-S</subfield>
  </datafield>
  <controlfield tag="001">js20201096417</controlfield>
  <controlfield tag="003">CZ PrNK</controlfield>
  <controlfield tag="005">20201210171556.0</controlfield>
  <controlfield tag="008">201210|n|aznnnaabn           n a|a      </controlfield>
  <datafield tag="040" ind1=" " ind2=" ">
    <subfield code="a">ABA004</subfield>
    <subfield code="b">cze</subfield>
    <subfield code="e">rda</subfield>
  </datafield>
  <datafield tag="046" ind1=" " ind2=" ">
    <subfield code="f">1901</subfield>
    <subfield code="g">1959</subfield>
  </datafield>
  <datafield tag="100" ind1="1" ind2=" ">
    <subfield code="a">Danilov, Sergej Sergejevič,</subfield>
    <subfield code="d">1901-1959</subfield>
    <subfield code="7">js20201096417</subfield>
  </datafield>
  <datafield tag="368" ind1=" " ind2=" ">
    <subfield code="d">doktor iskusstvovedenija</subfield>
  </datafield>
  <datafield tag="370" ind1=" " ind2=" ">
    <subfield code="c">Rusko</subfield>
  </datafield>
  <datafield tag="372" ind1=" " ind2=" ">
    <subfield code="a">dějiny umění</subfield>
    <subfield code="a">dějiny divadla</subfield>
    <subfield code="a">divadelní kritika</subfield>
  </datafield>
  <datafield tag="373" ind1=" " ind2=" ">
    <subfield code="a">Leningradskij gosudarstvennyj institut teatra, muzyki i kinematografii</subfield>
  </datafield>
  <datafield tag="374" ind1=" " ind2=" ">
    <subfield code="a">historici umění</subfield>
    <subfield code="a">divadelní kritici</subfield>
    <subfield code="a">vysokoškolští učitelé</subfield>
  </datafield>
  <datafield tag="375" ind1=" " ind2=" ">
    <subfield code="a">muž</subfield>
  </datafield>
  <datafield tag="377" ind1=" " ind2=" ">
    <subfield code="a">rus</subfield>
  </datafield>
  <datafield tag="670" ind1=" " ind2=" ">
    <subfield code="a">RSL, cit. 10. 12. 2020</subfield>
    <subfield code="b">autoritní forma, datum narození a úmrtí</subfield>
  </datafield>
  <datafield tag="670" ind1=" " ind2=" ">
    <subfield code="a">NLR, cit. 10. 12. 2020</subfield>
    <subfield code="b">autoritní forma, datum narození a úmrtí, biografické údaje</subfield>
  </datafield>
  <datafield tag="670" ind1=" " ind2=" ">
    <subfield code="a">www(Vikipedija, svobodnaja ènciklopedija), cit. 10. 12. 2020</subfield>
    <subfield code="b">biografické údaje</subfield>
    <subfield code="u">https://ru.wikipedia.org/wiki/%D0%94%D0%B0%D0%BD%D0%B8%D0%BB%D0%BE%D0%B2,_%D0%A1%D0%B5%D1%80%D0%B3%D0%B5%D0%B9_%D0%A1%D0%B5%D1%80%D0%B3%D0%B5%D0%B5%D0%B2%D0%B8%D1%87</subfield>
  </datafield>
  <datafield tag="670" ind1=" " ind2=" ">
    <subfield code="a">Danilov, S. S.: Gor‘kij na scene. Moskva, 1958</subfield>
  </datafield>
  <datafield tag="678" ind1="0" ind2=" ">
    <subfield code="a">Ruský historik umění, divadelní historik a kritik, vysokoškolský pedagog.</subfield>
  </datafield>
  <datafield tag="906" ind1=" " ind2=" ">
    <subfield code="a">za20201210</subfield>
    <subfield code="b">tapo</subfield>
  </datafield>
</record>