

<record>
  <leader>     nz  a22     n  4500</leader>
  <controlfield tag="001">ph1096424</controlfield>
  <controlfield tag="003">CZ PrNK</controlfield>
  <controlfield tag="005">20201210184244.0</controlfield>
  <controlfield tag="008">201210|n|anznnbabn           n a|a      </controlfield>
  <datafield tag="040" ind1=" " ind2=" ">
    <subfield code="a">ABA001</subfield>
    <subfield code="b">cze</subfield>
  </datafield>
  <datafield tag="072" ind1=" " ind2="7">
    <subfield code="a">793.8</subfield>
    <subfield code="x">Zábavná magie</subfield>
    <subfield code="2">Konspekt</subfield>
    <subfield code="9">3</subfield>
  </datafield>
  <datafield tag="080" ind1=" " ind2=" ">
    <subfield code="a">793.8.071-055.2</subfield>
    <subfield code="2">MRF_2003</subfield>
  </datafield>
  <datafield tag="150" ind1=" " ind2=" ">
    <subfield code="a">kouzelnice</subfield>
    <subfield code="7">ph1096424</subfield>
  </datafield>
  <datafield tag="450" ind1=" " ind2=" ">
    <subfield code="a">iluzionistky</subfield>
    <subfield code="0">o</subfield>
  </datafield>
  <datafield tag="550" ind1=" " ind2=" ">
    <subfield code="a">kouzelnictví</subfield>
    <subfield code="7">ph171151</subfield>
  </datafield>
  <datafield tag="550" ind1=" " ind2=" ">
    <subfield code="a">kouzelníci</subfield>
    <subfield code="7">ph171150</subfield>
  </datafield>
  <datafield tag="550" ind1=" " ind2=" ">
    <subfield code="a">kouzla</subfield>
    <subfield code="7">ph114993</subfield>
  </datafield>
  <datafield tag="550" ind1=" " ind2=" ">
    <subfield code="a">varietní umělkyně</subfield>
    <subfield code="7">ph291721</subfield>
  </datafield>
  <datafield tag="550" ind1=" " ind2=" ">
    <subfield code="a">čarodějnice</subfield>
    <subfield code="7">ph187628</subfield>
  </datafield>
  <datafield tag="750" ind1="0" ind2="7">
    <subfield code="a">women magicians</subfield>
    <subfield code="2">eczenas</subfield>
  </datafield>
  <datafield tag="906" ind1=" " ind2=" ">
    <subfield code="a">wp20201210</subfield>
    <subfield code="b">jave</subfield>
  </datafield>
</record>