

<record>
  <leader>     cz  a22     n  4500</leader>
  <controlfield tag="001">ko20201096433</controlfield>
  <controlfield tag="003">CZ PrNK</controlfield>
  <controlfield tag="005">20201211125552.0</controlfield>
  <controlfield tag="008">201211|n|aznnnaabn           n a|a      </controlfield>
  <datafield tag="040" ind1=" " ind2=" ">
    <subfield code="a">ABA004</subfield>
    <subfield code="b">cze</subfield>
    <subfield code="d">ABA001</subfield>
    <subfield code="e">rda</subfield>
  </datafield>
  <datafield tag="110" ind1="2" ind2=" ">
    <subfield code="a">Medobčinski muzej Kamnik</subfield>
    <subfield code="7">ko20201096433</subfield>
  </datafield>
  <datafield tag="MOR" ind1="1" ind2=" ">
    <subfield code="a">Medobčinski muzej Kamnik (Slovinsko)</subfield>
    <subfield code="7">ko20201096433</subfield>
  </datafield>
  <datafield tag="368" ind1=" " ind2=" ">
    <subfield code="a">regionální muzea</subfield>
    <subfield code="a">muzea</subfield>
  </datafield>
  <datafield tag="370" ind1=" " ind2=" ">
    <subfield code="c">Slovinsko</subfield>
  </datafield>
  <datafield tag="372" ind1=" " ind2=" ">
    <subfield code="a">muzejnictví</subfield>
  </datafield>
  <datafield tag="377" ind1=" " ind2=" ">
    <subfield code="a">slv</subfield>
  </datafield>
  <datafield tag="410" ind1="2" ind2=" ">
    <subfield code="a">Intermunicipal Museum of Kamnik</subfield>
    <subfield code="2">czeeng</subfield>
    <subfield code="0">o</subfield>
  </datafield>
  <datafield tag="410" ind1="2" ind2=" ">
    <subfield code="a">MM:K</subfield>
    <subfield code="0">o</subfield>
  </datafield>
  <datafield tag="510" ind1="2" ind2=" ">
    <subfield code="w">a</subfield>
    <subfield code="a">Kulturni center Kamnik.</subfield>
    <subfield code="b">Muzej</subfield>
    <subfield code="7">ko20201096434</subfield>
  </datafield>
  <datafield tag="670" ind1=" " ind2=" ">
    <subfield code="a">LC (Names), cit. 11. 12. 2020</subfield>
    <subfield code="b">autoritní forma; odkaz viz; odkaz viz též</subfield>
  </datafield>
  <datafield tag="670" ind1=" " ind2=" ">
    <subfield code="a">Boj za meje po prvi svetovni vojni /besedilo in izbor razglednic Milan Škrabec; 2007</subfield>
  </datafield>
  <datafield tag="678" ind1=" " ind2=" ">
    <subfield code="a">Regionální muzeum založené roku 1961.</subfield>
  </datafield>
  <datafield tag="906" ind1=" " ind2=" ">
    <subfield code="a">za20201211</subfield>
    <subfield code="b">mahr</subfield>
  </datafield>
  <datafield tag="906" ind1=" " ind2=" ">
    <subfield code="a">oz20201211</subfield>
    <subfield code="b">svsv</subfield>
    <subfield code="c">Záhlaví - oprava; Viz - oprava; Viz též - nově; Oblast působení - nově; Zdroj - doplnění</subfield>
  </datafield>
</record>