

<record>
  <leader>     nz  a22     n  4500</leader>
  <controlfield tag="001">kon20201096437</controlfield>
  <controlfield tag="003">CZ PrNK</controlfield>
  <controlfield tag="005">20201211082017.0</controlfield>
  <controlfield tag="008">201211|n|aznnnaabn           n a|a      </controlfield>
  <datafield tag="040" ind1=" " ind2=" ">
    <subfield code="a">ABA001</subfield>
    <subfield code="b">cze</subfield>
    <subfield code="e">rda</subfield>
  </datafield>
  <datafield tag="110" ind1="2" ind2=" ">
    <subfield code="a">Ústav pro zvelebování živností (Hradec Králové, Česko).</subfield>
    <subfield code="t">Výroční zpráva (Ústav pro zvelebování živností (Hradec Králové, Česko))</subfield>
    <subfield code="7">kon20201096437</subfield>
  </datafield>
  <datafield tag="410" ind1="2" ind2=" ">
    <subfield code="a">Ústav pro zvelebování živností (Hradec Králové, Česko).</subfield>
    <subfield code="t">Zpráva o činnosti Ústavu pro zvelebování živností v Hradci Králové</subfield>
    <subfield code="0">o</subfield>
  </datafield>
  <datafield tag="410" ind1="2" ind2=" ">
    <subfield code="a">Ústav pro zvelebování živností (Hradec Králové, Česko).</subfield>
    <subfield code="t">Výroční zpráva Ústavu pro zvelebování živností v Hradci Králové</subfield>
    <subfield code="0">o</subfield>
  </datafield>
  <datafield tag="670" ind1=" " ind2=" ">
    <subfield code="a">Zpráva o činnosti Ústavu pro zvelebování živností v Hradci Králové. V Hradci Králové : nákladem Ústavu pro zvelebování živností v Hradci Králové, [1916-1939?]</subfield>
  </datafield>
  <datafield tag="906" ind1=" " ind2=" ">
    <subfield code="a">br20201211</subfield>
    <subfield code="b">juri</subfield>
  </datafield>
  <datafield tag="906" ind1=" " ind2=" ">
    <subfield code="a">ks20201211</subfield>
    <subfield code="b">juri</subfield>
  </datafield>
</record>