

<record>
  <leader>     nz  a22     n  4500</leader>
  <controlfield tag="001">kon20201096444</controlfield>
  <controlfield tag="003">CZ PrNK</controlfield>
  <controlfield tag="005">20201211084844.0</controlfield>
  <controlfield tag="008">201211|n|aznnnaabn           n a|a      </controlfield>
  <datafield tag="040" ind1=" " ind2=" ">
    <subfield code="a">ABA001</subfield>
    <subfield code="b">cze</subfield>
    <subfield code="e">rda</subfield>
  </datafield>
  <datafield tag="110" ind1="2" ind2=" ">
    <subfield code="a">Ústřední svaz československých družstev.</subfield>
    <subfield code="b">Sekretariát.</subfield>
    <subfield code="b">Obvod Plzeň.</subfield>
    <subfield code="t">Výroční zpráva (Ústřední svaz československých družstev. Sekretariát. Obvod Plzeň)</subfield>
    <subfield code="7">kon20201096444</subfield>
  </datafield>
  <datafield tag="410" ind1="2" ind2=" ">
    <subfield code="a">Ústřední svaz československých družstev.</subfield>
    <subfield code="b">Sekretariát.</subfield>
    <subfield code="b">Obvod Plzeň.</subfield>
    <subfield code="t">Zpráva sekretariátu Ústředního svazu čs. družstev, obvod Plzeň</subfield>
    <subfield code="0">o</subfield>
  </datafield>
  <datafield tag="670" ind1=" " ind2=" ">
    <subfield code="a">Zpráva sekretariátu Ústředního svazu čs. družstev, obvod Plzeň. Plzeň : nákladem sekretariátu Ústředního svazu čs. družstev, 1927</subfield>
  </datafield>
  <datafield tag="906" ind1=" " ind2=" ">
    <subfield code="a">br20201211</subfield>
    <subfield code="b">juri</subfield>
  </datafield>
  <datafield tag="906" ind1=" " ind2=" ">
    <subfield code="a">ks20201211</subfield>
    <subfield code="b">juri</subfield>
  </datafield>
</record>