

<record>
  <leader>     nz  a22     n  4500</leader>
  <controlfield tag="001">aun20201096453</controlfield>
  <controlfield tag="003">CZ PrNK</controlfield>
  <controlfield tag="005">20201211092847.0</controlfield>
  <controlfield tag="008">201211|n|aznnnaabn           n a|a      </controlfield>
  <datafield tag="040" ind1=" " ind2=" ">
    <subfield code="a">ABA001</subfield>
    <subfield code="b">cze</subfield>
    <subfield code="e">rda</subfield>
  </datafield>
  <datafield tag="100" ind1="1" ind2=" ">
    <subfield code="a">France, Anatole,</subfield>
    <subfield code="d">1844-1924.</subfield>
    <subfield code="t">Histoire comique.</subfield>
    <subfield code="l">Česky</subfield>
    <subfield code="7">aun20201096453</subfield>
  </datafield>
  <datafield tag="400" ind1="1" ind2=" ">
    <subfield code="a">France, Anatole,</subfield>
    <subfield code="d">1844-1924.</subfield>
    <subfield code="t">Komická historie</subfield>
    <subfield code="0">o</subfield>
  </datafield>
  <datafield tag="670" ind1=" " ind2=" ">
    <subfield code="a">Komická historie / Anatole France ; přeložil F.V. Krejčí. V Praze : vlastním nákladem vydal J. Otto, [1911]</subfield>
  </datafield>
  <datafield tag="670" ind1=" " ind2=" ">
    <subfield code="a">www(Wikipédia, l'encyclopédie libre)</subfield>
  </datafield>
  <datafield tag="906" ind1=" " ind2=" ">
    <subfield code="a">br20201211</subfield>
    <subfield code="b">juri</subfield>
  </datafield>
  <datafield tag="906" ind1=" " ind2=" ">
    <subfield code="a">ks20201211</subfield>
    <subfield code="b">juri</subfield>
  </datafield>
</record>