

<record>
  <leader>     nz  a22     n  4500</leader>
  <datafield tag="900" ind1=" " ind2=" ">
    <subfield code="a">*K-NÁVRH</subfield>
  </datafield>
  <controlfield tag="001">ntk20201096460</controlfield>
  <controlfield tag="003">CZ PrNK</controlfield>
  <controlfield tag="005">20201211100221.0</controlfield>
  <controlfield tag="008">201211|n|aznnnaabn           n a|a      </controlfield>
  <datafield tag="040" ind1=" " ind2=" ">
    <subfield code="a">ABA013</subfield>
    <subfield code="b">cze</subfield>
    <subfield code="e">rda</subfield>
  </datafield>
  <datafield tag="110" ind1="2" ind2=" ">
    <subfield code="a">Vastu-Shilpa Foundation for Studies and Research in Environmental Design</subfield>
    <subfield code="7">ntk20201096460</subfield>
  </datafield>
  <datafield tag="368" ind1=" " ind2=" ">
    <subfield code="a">neziskové organizace</subfield>
    <subfield code="a">nadace</subfield>
    <subfield code="a">výzkumné ústavy</subfield>
    <subfield code="a">architektonické ateliéry</subfield>
  </datafield>
  <datafield tag="370" ind1=" " ind2=" ">
    <subfield code="c">Indie</subfield>
    <subfield code="e">Ahmadabad, Indie</subfield>
  </datafield>
  <datafield tag="372" ind1=" " ind2=" ">
    <subfield code="a">architektura</subfield>
    <subfield code="a">územní plánování</subfield>
    <subfield code="a">rozvoj měst</subfield>
    <subfield code="a">architektonické projekty</subfield>
  </datafield>
  <datafield tag="377" ind1=" " ind2=" ">
    <subfield code="a">eng</subfield>
    <subfield code="a">hin</subfield>
    <subfield code="a">guj</subfield>
  </datafield>
  <datafield tag="410" ind1="2" ind2=" ">
    <subfield code="a">Vastu-Shilpa Foundation</subfield>
    <subfield code="0">o</subfield>
  </datafield>
  <datafield tag="410" ind1="2" ind2=" ">
    <subfield code="a">Shilpa Foundation for Studies and Research in Environmental Design</subfield>
    <subfield code="0">o</subfield>
  </datafield>
  <datafield tag="410" ind1="2" ind2=" ">
    <subfield code="a">VSF</subfield>
    <subfield code="0">o</subfield>
  </datafield>
  <datafield tag="670" ind1=" " ind2=" ">
    <subfield code="a">Kries, Mateo - Hoof, Kushnu Panthaki - Kugler, Jolanthe: Balkrishna Doshi : Architecture for the people, c2019</subfield>
    <subfield code="b">biografická poznámka</subfield>
  </datafield>
  <datafield tag="670" ind1=" " ind2=" ">
    <subfield code="a">LC (Names), cit. 11. 12. 2020</subfield>
    <subfield code="b">autoritní forma, odkazy viz</subfield>
  </datafield>
  <datafield tag="670" ind1=" " ind2=" ">
    <subfield code="a">www(architectuul.com/architect/balkrishna-doshi - Vastushilpa Foundation), cit. 11. 12. 2020</subfield>
    <subfield code="b">biografická poznámka</subfield>
  </datafield>
  <datafield tag="678" ind1=" " ind2=" ">
    <subfield code="a">Indická nezisková a výzkumná organizace, architektonická kancelář. Společnost se zaměřuje na územní plánování, rozvoj měst a architektonické projekty. Též vytváří architektonické, designové a plánovací standardy pro zastavěná prostředí vhodná pro sociokulturní a environmentální prostředí Indie. Společnost založil v roce 1978 indický architekt Balkrishna Doshi.</subfield>
  </datafield>
  <datafield tag="906" ind1=" " ind2=" ">
    <subfield code="a">za20201211</subfield>
    <subfield code="b">pavk</subfield>
  </datafield>
</record>