

<record>
  <leader>     nz  a22     n  4500</leader>
  <datafield tag="900" ind1=" " ind2=" ">
    <subfield code="a">*J-NÁVRH</subfield>
  </datafield>
  <controlfield tag="001">mzk20201096469</controlfield>
  <controlfield tag="003">CZ PrNK</controlfield>
  <controlfield tag="005">20201211111602.0</controlfield>
  <controlfield tag="008">201211|n|aznnnaabn           n a|a      </controlfield>
  <datafield tag="024" ind1="7" ind2=" ">
    <subfield code="a">0000000019614898</subfield>
    <subfield code="2">isni</subfield>
  </datafield>
  <datafield tag="040" ind1=" " ind2=" ">
    <subfield code="a">BOA001</subfield>
    <subfield code="b">cze</subfield>
    <subfield code="e">rda</subfield>
  </datafield>
  <datafield tag="046" ind1=" " ind2=" ">
    <subfield code="f">1948</subfield>
    <subfield code="g">2020</subfield>
  </datafield>
  <datafield tag="100" ind1="1" ind2=" ">
    <subfield code="a">Zajdfudim, Pavel Chaskel‘jevič,</subfield>
    <subfield code="d">1948-2020</subfield>
    <subfield code="7">mzk20201096469</subfield>
  </datafield>
  <datafield tag="370" ind1=" " ind2=" ">
    <subfield code="a">Penza, Rusko</subfield>
    <subfield code="c">Rusko</subfield>
  </datafield>
  <datafield tag="372" ind1=" " ind2=" ">
    <subfield code="a">politika</subfield>
    <subfield code="a">publicistika</subfield>
    <subfield code="a">regionální rozvoj</subfield>
    <subfield code="a">sociální rozvoj</subfield>
    <subfield code="a">polární výzkum</subfield>
  </datafield>
  <datafield tag="374" ind1=" " ind2=" ">
    <subfield code="a">státníci</subfield>
    <subfield code="a">politici</subfield>
    <subfield code="a">publicisté</subfield>
    <subfield code="a">polární badatelé</subfield>
  </datafield>
  <datafield tag="375" ind1=" " ind2=" ">
    <subfield code="a">muž</subfield>
  </datafield>
  <datafield tag="377" ind1=" " ind2=" ">
    <subfield code="a">rus</subfield>
  </datafield>
  <datafield tag="400" ind1="1" ind2=" ">
    <subfield code="a">Zajdfudim, Pavel,</subfield>
    <subfield code="d">1948-2020</subfield>
    <subfield code="0">o</subfield>
  </datafield>
  <datafield tag="670" ind1=" " ind2=" ">
    <subfield code="a">Zajdfudim, Pavel: Penza : klub "Danko", 2020</subfield>
    <subfield code="b">odkaz viz, biografické údaje, rok a místo narození</subfield>
  </datafield>
  <datafield tag="670" ind1=" " ind2=" ">
    <subfield code="a">RSL, cit. 11. 12. 2020</subfield>
    <subfield code="b">autoritní forma</subfield>
  </datafield>
  <datafield tag="670" ind1=" " ind2=" ">
    <subfield code="a">www(Skončalsja izvestnyj penzenskij učenyj Pavel Zajdfudim. In: Penza Inform), 4. 2. 2020, cit. 11. 12. 2020</subfield>
    <subfield code="b">biografické údaje, rok úmrtí</subfield>
  </datafield>
  <datafield tag="678" ind1="0" ind2=" ">
    <subfield code="a">Ruský státník, politik a publicista, zaměřený na regionální, hospodářský a sociální rozvoj. Dříve též polární badatel.</subfield>
  </datafield>
  <datafield tag="906" ind1=" " ind2=" ">
    <subfield code="a">za20201211</subfield>
    <subfield code="b">klosja</subfield>
  </datafield>
</record>