

<record>
  <leader>     nz  a22     n  4500</leader>
  <datafield tag="900" ind1=" " ind2=" ">
    <subfield code="a">G-NÁVRH</subfield>
  </datafield>
  <controlfield tag="001">ge1096480</controlfield>
  <controlfield tag="003">CZ PrNK</controlfield>
  <controlfield tag="005">20201211121530.0</controlfield>
  <controlfield tag="008">201211|n|acznnbabn           n a|a      </controlfield>
  <datafield tag="034" ind1=" " ind2=" ">
    <subfield code="d">E018.2348</subfield>
    <subfield code="e">E018.2348</subfield>
    <subfield code="f">N045.8534</subfield>
    <subfield code="g">N045.8534</subfield>
  </datafield>
  <datafield tag="040" ind1=" " ind2=" ">
    <subfield code="a">BOD004</subfield>
    <subfield code="b">cze</subfield>
  </datafield>
  <datafield tag="043" ind1=" " ind2=" ">
    <subfield code="a">e-hu---</subfield>
  </datafield>
  <datafield tag="080" ind1=" " ind2=" ">
    <subfield code="a">(439)</subfield>
    <subfield code="2">MRF_2003</subfield>
  </datafield>
  <datafield tag="151" ind1=" " ind2=" ">
    <subfield code="a">Harkány (Maďarsko)</subfield>
    <subfield code="7">ge1096480</subfield>
  </datafield>
  <datafield tag="670" ind1=" " ind2=" ">
    <subfield code="a">www(Wikipedie, otevřená encyklopedie)</subfield>
  </datafield>
  <datafield tag="678" ind1=" " ind2=" ">
    <subfield code="a">Město v Maďarsku.</subfield>
  </datafield>
  <datafield tag="751" ind1="0" ind2="7">
    <subfield code="a">Harkány (Hungary)</subfield>
    <subfield code="2">eczenas</subfield>
  </datafield>
  <datafield tag="856" ind1="4" ind2="2">
    <subfield code="u">https://cs.wikipedia.org/wiki/Hark%C3%A1ny</subfield>
    <subfield code="4">N</subfield>
  </datafield>
  <datafield tag="GPS" ind1=" " ind2=" ">
    <subfield code="a">45°51'12.3"N</subfield>
    <subfield code="c">18°14'5.4"E</subfield>
  </datafield>
  <datafield tag="956" ind1="4" ind2=" ">
    <subfield code="u">http://aleph.nkp.cz/aleph-cgi/show_map?ll=45.85342,18.23483&amp;z=12</subfield>
    <subfield code="y">Zobrazit na mapě</subfield>
    <subfield code="4">N</subfield>
  </datafield>
  <datafield tag="906" ind1=" " ind2=" ">
    <subfield code="a">za20201211</subfield>
    <subfield code="b">kourilova</subfield>
  </datafield>
</record>