

<record>
  <leader>     nz  a22     n  4500</leader>
  <controlfield tag="001">ko20201096485</controlfield>
  <controlfield tag="003">CZ PrNK</controlfield>
  <controlfield tag="005">20201211124626.0</controlfield>
  <controlfield tag="008">201211|n|aznnnaabn           n a|a      </controlfield>
  <datafield tag="040" ind1=" " ind2=" ">
    <subfield code="a">ABA003</subfield>
    <subfield code="b">cze</subfield>
    <subfield code="d">ABA001</subfield>
    <subfield code="e">rda</subfield>
  </datafield>
  <datafield tag="111" ind1="2" ind2=" ">
    <subfield code="a">Österreichischer Bibliothekartag</subfield>
    <subfield code="n">(34. :</subfield>
    <subfield code="d">2019 :</subfield>
    <subfield code="c">Štýrský Hradec, Rakousko)</subfield>
    <subfield code="7">ko20201096485</subfield>
  </datafield>
  <datafield tag="368" ind1=" " ind2=" ">
    <subfield code="a">mezinárodní konference</subfield>
  </datafield>
  <datafield tag="370" ind1=" " ind2=" ">
    <subfield code="c">Rakousko</subfield>
    <subfield code="e">Štýrský Hradec, Rakousko</subfield>
  </datafield>
  <datafield tag="372" ind1=" " ind2=" ">
    <subfield code="a">umělá inteligence</subfield>
    <subfield code="a">knihovní procesy</subfield>
    <subfield code="a">knihovní služby</subfield>
  </datafield>
  <datafield tag="377" ind1=" " ind2=" ">
    <subfield code="a">ger</subfield>
  </datafield>
  <datafield tag="511" ind1="2" ind2=" ">
    <subfield code="a">Österreichischer Bibliothekartag</subfield>
    <subfield code="7">ko2008435750</subfield>
  </datafield>
  <datafield tag="670" ind1=" " ind2=" ">
    <subfield code="a">KKL</subfield>
  </datafield>
  <datafield tag="670" ind1=" " ind2=" ">
    <subfield code="a">LC (Names); cit.11. 12. 2020</subfield>
    <subfield code="b">autoritní forma pro seriálové záhlaví</subfield>
  </datafield>
  <datafield tag="670" ind1=" " ind2=" ">
    <subfield code="a">Künstliche Intelligenz in Bibliotheken : 34. Österreichischer Bibliothekartag, Graz 2019 / Christina Köstner-Pemsel, Elisabeth Stadler, Markus Stumpf (Hg.). -- Graz : Uni-press Verlag, 2019. -- 1 online zdroj (416 stran) : ilustrace. -- (Schriften der Vereinigung Österreichischer Bibliothekarinnen und Bibliothekare (VÖB) ; Band 15) ISBN 978-3-902666-71-0</subfield>
  </datafield>
  <datafield tag="670" ind1=" " ind2=" ">
    <subfield code="a">www(Österreichischer Bibliothekartag 2019), cit. 11. 12. 2020</subfield>
  </datafield>
  <datafield tag="680" ind1=" " ind2=" ">
    <subfield code="i">Toto záhlaví se používá pouze při monografickém zpracování publikace.</subfield>
  </datafield>
  <datafield tag="906" ind1=" " ind2=" ">
    <subfield code="a">za20201211</subfield>
    <subfield code="b">mona</subfield>
  </datafield>
  <datafield tag="906" ind1=" " ind2=" ">
    <subfield code="a">vr20201211</subfield>
    <subfield code="b">svsv</subfield>
  </datafield>
</record>