

<record>
  <leader>     nz  a22     n  4500</leader>
  <datafield tag="900" ind1=" " ind2=" ">
    <subfield code="a">*J-NÁVRH</subfield>
  </datafield>
  <controlfield tag="001">ntk20201096511</controlfield>
  <controlfield tag="003">CZ PrNK</controlfield>
  <controlfield tag="005">20201211133035.0</controlfield>
  <controlfield tag="008">201211|n|aznnnaabn           n a|a      </controlfield>
  <datafield tag="040" ind1=" " ind2=" ">
    <subfield code="a">ABA013</subfield>
    <subfield code="b">cze</subfield>
    <subfield code="e">rda</subfield>
  </datafield>
  <datafield tag="046" ind1=" " ind2=" ">
    <subfield code="f">1746</subfield>
    <subfield code="g">1832</subfield>
  </datafield>
  <datafield tag="100" ind1="1" ind2=" ">
    <subfield code="a">Lamberg, Maria Josepha von,</subfield>
    <subfield code="c">Gräfin,</subfield>
    <subfield code="d">1746-1832</subfield>
    <subfield code="7">ntk20201096511</subfield>
  </datafield>
  <datafield tag="368" ind1=" " ind2=" ">
    <subfield code="d">Gräfin</subfield>
    <subfield code="d">Freiin</subfield>
  </datafield>
  <datafield tag="370" ind1=" " ind2=" ">
    <subfield code="c">Rakousko</subfield>
  </datafield>
  <datafield tag="372" ind1=" " ind2=" ">
    <subfield code="a">šlechtické rody</subfield>
    <subfield code="a">umění</subfield>
    <subfield code="a">společnost</subfield>
  </datafield>
  <datafield tag="374" ind1=" " ind2=" ">
    <subfield code="a">šlechtičny</subfield>
  </datafield>
  <datafield tag="375" ind1=" " ind2=" ">
    <subfield code="a">žena</subfield>
  </datafield>
  <datafield tag="377" ind1=" " ind2=" ">
    <subfield code="a">ger</subfield>
  </datafield>
  <datafield tag="400" ind1="1" ind2=" ">
    <subfield code="a">Lamberg-Kunstadt, Maria Josepha von,</subfield>
    <subfield code="c">Gräfin,</subfield>
    <subfield code="d">1746-1832</subfield>
    <subfield code="0">o</subfield>
  </datafield>
  <datafield tag="400" ind1="1" ind2=" ">
    <subfield code="w">r</subfield>
    <subfield code="i">Rodné jméno:</subfield>
    <subfield code="a">Dachsberg, Maria Josepha von,</subfield>
    <subfield code="c">Freiin,</subfield>
    <subfield code="d">1746-1832</subfield>
    <subfield code="0">o</subfield>
  </datafield>
  <datafield tag="667" ind1=" " ind2=" ">
    <subfield code="a">DNB uvádí jako datum úmrtí rok smrti jejího manžela 1792, Schauplatz des landsässigen Niederösterr. Adels vydaný 1804 uvádí ji jako vdovu v Bavorsku.</subfield>
  </datafield>
  <datafield tag="670" ind1=" " ind2=" ">
    <subfield code="a">Guyot, Edme Gilles: Neue physikalische und mathematische Belustigungen, oder, Sammlung von neuen Kunststücken zum Vergnügen, mit dem Magnete, mit den Zahlen, aus der Optik sowohl, als aus der Chymie, nebst den Ursachen derselben, ihren Wirkungen und den dazu erforderlichen Instrumenten.Theil 1.(Dedikace: "An Ihro Excellenz die Frau Gräfinn von Lamberg, gebohrne Gräffin von Dachsberg"), 1772</subfield>
  </datafield>
  <datafield tag="670" ind1=" " ind2=" ">
    <subfield code="a">DNB, cit. 11. 12. 2020</subfield>
    <subfield code="b">autoritní forma, odkaz viz</subfield>
    <subfield code="u">http://d-nb.info/gnd/1060689790</subfield>
  </datafield>
  <datafield tag="670" ind1=" " ind2=" ">
    <subfield code="a">www(Wikipedia, die freie Enzyklopädie, Maximilian Joseph von Lamberg), cit. 11. 12. 2020</subfield>
    <subfield code="b">biografické údaje</subfield>
  </datafield>
  <datafield tag="670" ind1=" " ind2=" ">
    <subfield code="a">Constantin von Wurzbach: Lamberg, Maximilian Joseph Graf von. In: Biographisches Lexikon des Kaiserthums Oesterreich. 14. Theil. Kaiserlich-königliche Hof- und Staatsdruckerei, Wien 1865, S. 46</subfield>
  </datafield>
  <datafield tag="670" ind1=" " ind2=" ">
    <subfield code="a">Maximilian Joseph Graf von Lamberg. WISSGRILL, Franz K. Schauplatz des landsässigen Niederösterr. Adels. Band 5. Wien, 1804, s. 400.(digistrana 443)</subfield>
    <subfield code="b">biografické údaje, datum narození</subfield>
    <subfield code="u">https://books.google.cz/books?id=L7lBAAAAcAAJ&amp;printsec=frontcover</subfield>
  </datafield>
  <datafield tag="670" ind1=" " ind2=" ">
    <subfield code="a">www(Geni), cit. 11. 12. 2020</subfield>
    <subfield code="b">datum úmrtí</subfield>
  </datafield>
  <datafield tag="678" ind1="0" ind2=" ">
    <subfield code="a">Druhá manželka Maximiliana Josepha von Lamberga. Dcera Franz Mariy von Dachsberga a Violanty von Dachsberg.</subfield>
  </datafield>
  <datafield tag="906" ind1=" " ind2=" ">
    <subfield code="a">za20201211</subfield>
    <subfield code="b">jime</subfield>
  </datafield>
</record>