

<record>
  <leader>     nz  a22     n  4500</leader>
  <datafield tag="900" ind1=" " ind2=" ">
    <subfield code="a">J-NÁVRH</subfield>
  </datafield>
  <controlfield tag="001">osa20201096515</controlfield>
  <controlfield tag="003">CZ PrNK</controlfield>
  <controlfield tag="005">20201211133643.0</controlfield>
  <controlfield tag="008">201211|n|aznnnaabn           n a|a      </controlfield>
  <datafield tag="040" ind1=" " ind2=" ">
    <subfield code="a">OSA001</subfield>
    <subfield code="b">cze</subfield>
    <subfield code="e">rda</subfield>
  </datafield>
  <datafield tag="100" ind1="1" ind2=" ">
    <subfield code="a">Hundley, Jessica</subfield>
    <subfield code="7">osa20201096515</subfield>
  </datafield>
  <datafield tag="370" ind1=" " ind2=" ">
    <subfield code="c">Spojené státy americké</subfield>
  </datafield>
  <datafield tag="372" ind1=" " ind2=" ">
    <subfield code="a">žurnalistika</subfield>
    <subfield code="a">film</subfield>
    <subfield code="a">literární činnost</subfield>
    <subfield code="a">vydavatelská činnost</subfield>
    <subfield code="a">hudba</subfield>
    <subfield code="a">kultura</subfield>
    <subfield code="a">tarot</subfield>
    <subfield code="a">esoterismus</subfield>
    <subfield code="a">filmová produkce</subfield>
    <subfield code="a">filmová režie</subfield>
    <subfield code="a">umění</subfield>
  </datafield>
  <datafield tag="374" ind1=" " ind2=" ">
    <subfield code="a">editorky</subfield>
    <subfield code="a">spisovatelky</subfield>
    <subfield code="a">novinářky</subfield>
    <subfield code="a">filmové producentky</subfield>
    <subfield code="a">filmové režisérky</subfield>
  </datafield>
  <datafield tag="375" ind1=" " ind2=" ">
    <subfield code="a">žena</subfield>
  </datafield>
  <datafield tag="377" ind1=" " ind2=" ">
    <subfield code="a">eng</subfield>
  </datafield>
  <datafield tag="670" ind1=" " ind2=" ">
    <subfield code="a">Hopper, Dennis - Hundley, Jessica ... et al.: Dennis Hopper, 2018</subfield>
    <subfield code="b">biografické údaje</subfield>
  </datafield>
  <datafield tag="670" ind1=" " ind2=" ">
    <subfield code="a">LC (Names), cit. 11. 12. 2020</subfield>
    <subfield code="b">autoritní forma</subfield>
  </datafield>
  <datafield tag="670" ind1=" " ind2=" ">
    <subfield code="a">www(osobní stránka), cit. 11. 12. 2020</subfield>
    <subfield code="b">biografické údaje</subfield>
    <subfield code="u">http://www.jessicahundley.com/BIO</subfield>
  </datafield>
  <datafield tag="678" ind1="0" ind2=" ">
    <subfield code="a">Americká novinářka, spisovatelka, producentka, režisérka a editorka se zaměřením na film, hudbu, umění, kulturu a esoterismus. Publikace z oborů.</subfield>
  </datafield>
  <datafield tag="906" ind1=" " ind2=" ">
    <subfield code="a">ko20201211</subfield>
    <subfield code="b">xkaja</subfield>
  </datafield>
</record>