

<record>
  <leader>     nz  a22     n  4500</leader>
  <datafield tag="900" ind1=" " ind2=" ">
    <subfield code="a">K-NÁVRH</subfield>
  </datafield>
  <controlfield tag="001">ko20201096519</controlfield>
  <controlfield tag="003">CZ PrNK</controlfield>
  <controlfield tag="005">20201211141825.0</controlfield>
  <controlfield tag="008">201211|n|aznnnaabn          sn a|a      </controlfield>
  <datafield tag="040" ind1=" " ind2=" ">
    <subfield code="a">ABA001</subfield>
    <subfield code="b">cze</subfield>
    <subfield code="e">rda</subfield>
  </datafield>
  <datafield tag="110" ind1="1" ind2=" ">
    <subfield code="a">Bádensko-Württembersko (Německo).</subfield>
    <subfield code="b">Ministerium für Ländlichen Raum und Verbraucherschutz</subfield>
    <subfield code="7">ko20201096519</subfield>
  </datafield>
  <datafield tag="368" ind1=" " ind2=" ">
    <subfield code="a">ministerstva</subfield>
    <subfield code="a">ministerstva zemědělství</subfield>
  </datafield>
  <datafield tag="370" ind1=" " ind2=" ">
    <subfield code="c">Německo</subfield>
    <subfield code="e">Stuttgart, Německo</subfield>
  </datafield>
  <datafield tag="372" ind1=" " ind2=" ">
    <subfield code="a">venkov</subfield>
    <subfield code="a">ochrana spotřebitele</subfield>
    <subfield code="a">státní správa</subfield>
  </datafield>
  <datafield tag="377" ind1=" " ind2=" ">
    <subfield code="a">ger</subfield>
  </datafield>
  <datafield tag="410" ind1="2" ind2=" ">
    <subfield code="a">Ministerium für Ländlichen Raum und Verbraucherschutz Baden-Württemberg</subfield>
    <subfield code="0">o</subfield>
  </datafield>
  <datafield tag="410" ind1="2" ind2=" ">
    <subfield code="a">Ministerium für Ländlichen Raum und Verbraucherschutz (MLR)</subfield>
    <subfield code="0">o</subfield>
  </datafield>
  <datafield tag="410" ind1="2" ind2=" ">
    <subfield code="a">MLR BW</subfield>
    <subfield code="0">o</subfield>
  </datafield>
  <datafield tag="510" ind1="1" ind2=" ">
    <subfield code="w">a</subfield>
    <subfield code="a">Bádensko-Württembersko (Německo).</subfield>
    <subfield code="b">Ministerium für Ländlichen Raum, Ernährung und Verbraucherschutz</subfield>
    <subfield code="7">ko20201096524</subfield>
  </datafield>
  <datafield tag="665" ind1=" " ind2=" ">
    <subfield code="a">Název od roku 2011. Dřívější název (2010): Ministerium für Ländlichen Raum, Ernährung und Verbraucherschutz.</subfield>
  </datafield>
  <datafield tag="670" ind1=" " ind2=" ">
    <subfield code="a">Herausgeber Ministerium für Ländlichen Raum und Verbraucherschutz Baden-Württemberg: Geschäftsbericht ...</subfield>
  </datafield>
  <datafield tag="670" ind1=" " ind2=" ">
    <subfield code="a">DNB, cit. 11.12.2020</subfield>
    <subfield code="b">autoritní forma; odkazy viz</subfield>
  </datafield>
  <datafield tag="670" ind1=" " ind2=" ">
    <subfield code="a">www(Ministerium für Ländlichen Raum und Verbraucherschutz Baden-Württemberg), cit. 11.12.2020</subfield>
    <subfield code="b">autoritní forma; odkazy viz</subfield>
    <subfield code="u">https://mlr.baden-wuerttemberg.de/</subfield>
  </datafield>
  <datafield tag="670" ind1=" " ind2=" ">
    <subfield code="a">www(Wikipedia, die freie Enzyklopädie - Ministerium für Ländlichen Raum und Verbraucherschutz Baden-Württemberg), cit. 11.12.2020</subfield>
    <subfield code="b">autoritní forma; komplexní poznámka</subfield>
    <subfield code="u">https://de.wikipedia.org/wiki/Ministerium_f%C3%BCr_L%C3%A4ndlichen_Raum_und_Verbraucherschutz_Baden-W%C3%BCrttemberg</subfield>
  </datafield>
  <datafield tag="675" ind1=" " ind2=" ">
    <subfield code="a">LC (Names), cit. 11.12.2020</subfield>
  </datafield>
  <datafield tag="906" ind1=" " ind2=" ">
    <subfield code="a">za20201211</subfield>
    <subfield code="b">klou</subfield>
  </datafield>
</record>