

<record>
  <leader>     nz  a22     n  4500</leader>
  <controlfield tag="001">aun20201096547</controlfield>
  <controlfield tag="003">CZ PrNK</controlfield>
  <controlfield tag="005">20201211180756.0</controlfield>
  <controlfield tag="008">201211|n|aznnnaabn           n a|a      </controlfield>
  <datafield tag="040" ind1=" " ind2=" ">
    <subfield code="a">ABA001</subfield>
    <subfield code="b">cze</subfield>
    <subfield code="e">rda</subfield>
  </datafield>
  <datafield tag="100" ind1="1" ind2=" ">
    <subfield code="a">Stanislavskij, Konstantin Sergejevič,</subfield>
    <subfield code="d">1863-1938.</subfield>
    <subfield code="t">Moja žizn‘ v iskusstve.</subfield>
    <subfield code="l">Slovensky</subfield>
    <subfield code="7">aun20201096547</subfield>
  </datafield>
  <datafield tag="400" ind1="1" ind2=" ">
    <subfield code="a">Stanislavskij, Konstantin Sergejevič,</subfield>
    <subfield code="d">1863-1938.</subfield>
    <subfield code="t">Môj život v umení</subfield>
    <subfield code="0">o</subfield>
  </datafield>
  <datafield tag="670" ind1=" " ind2=" ">
    <subfield code="a">RSL, cit. 11. 12. 2020</subfield>
  </datafield>
  <datafield tag="670" ind1=" " ind2=" ">
    <subfield code="a">SNK , cit. 11. 12. 2020</subfield>
  </datafield>
  <datafield tag="670" ind1=" " ind2=" ">
    <subfield code="a">K.S. Stanislavskij: Môj život v umení. Bratislava : Smena, 1981</subfield>
  </datafield>
  <datafield tag="906" ind1=" " ind2=" ">
    <subfield code="a">br20201211</subfield>
    <subfield code="b">blau</subfield>
  </datafield>
  <datafield tag="906" ind1=" " ind2=" ">
    <subfield code="a">ks20201211</subfield>
    <subfield code="b">blau</subfield>
  </datafield>
</record>